% extra citations not in papers

@article{kingma2021variational,
  title={Variational diffusion models},
  author={Kingma, Diederik and Salimans, Tim and Poole, Ben and Ho, Jonathan},
  journal={Advances in neural information processing systems},
  volume={34},
  pages={21696--21707},
  year={2021}
}

@article{anderson1982reverse,
  title={Reverse-time diffusion equation models},
  author={Anderson, Brian DO},
  journal={Stochastic Processes and their Applications},
  volume={12},
  number={3},
  pages={313--326},
  year={1982},
  publisher={Elsevier}
}


@article{hyvarinen2005estimation,
  title={Estimation of non-normalized statistical models by score matching.},
  author={Hyv{\"a}rinen, Aapo and Dayan, Peter},
  journal={Journal of Machine Learning Research},
  volume={6},
  number={4},
  year={2005}
}

@article{campbell2024trans,
  title={Trans-Dimensional Generative Modeling via Jump Diffusion Models},
  author={Campbell, Andrew and Harvey, William and Weilbach, Christian and De Bortoli, Valentin and Rainforth, Thomas and Doucet, Arnaud},
  journal={Advances in Neural Information Processing Systems},
  volume={36},
  year={2024}
}

@article{song2019generative,
  title={Generative modeling by estimating gradients of the data distribution},
  author={Song, Yang and Ermon, Stefano},
  journal={Advances in neural information processing systems},
  volume={32},
  year={2019}
}

@article{grathwohl2018ffjord,
  title={Ffjord: Free-form continuous dynamics for scalable reversible generative models},
  author={Grathwohl, Will and Chen, Ricky TQ and Bettencourt, Jesse and Sutskever, Ilya and Duvenaud, David},
  journal={arXiv preprint arXiv:1810.01367},
  year={2018}
}

@article{chen2018neural,
  title={Neural ordinary differential equations},
  author={Chen, Ricky TQ and Rubanova, Yulia and Bettencourt, Jesse and Duvenaud, David K},
  journal={Advances in neural information processing systems},
  volume={31},
  year={2018}
}

@article{sahoo2023diffusion,
  title={Diffusion Models With Learned Adaptive Noise},
  author={Sahoo, Subham Sekhar and Gokaslan, Aaron and De Sa, Chris and Kuleshov, Volodymyr},
  journal={arXiv preprint arXiv:2312.13236},
  year={2023}
}

@inproceedings{finlay2020train,
  title={How to train your neural ODE: the world of Jacobian and kinetic regularization},
  author={Finlay, Chris and Jacobsen, J{\"o}rn-Henrik and Nurbekyan, Levon and Oberman, Adam},
  booktitle={International conference on machine learning},
  pages={3154--3164},
  year={2020},
  organization={PMLR}
}

@inproceedings{yang2023diffusion,
  title={Diffusion probabilistic model made slim},
  author={Yang, Xingyi and Zhou, Daquan and Feng, Jiashi and Wang, Xinchao},
  booktitle={Proceedings of the IEEE/CVF Conference on Computer Vision and Pattern Recognition},
  pages={22552--22562},
  year={2023}
}

@article{vincent2011connection,
  title={A connection between score matching and denoising autoencoders},
  author={Vincent, Pascal},
  journal={Neural computation},
  volume={23},
  number={7},
  pages={1661--1674},
  year={2011},
  publisher={MIT Press}
}

@article{openai2023gpt,
  title={GPT-4 technical report},
  author={OpenAI, R},
  journal={arXiv},
  pages={2303--08774},
  year={2023}
}

@article{ha2018world,
  title={World models},
  author={Ha, David and Schmidhuber, J{\"u}rgen},
  journal={arXiv preprint arXiv:1803.10122},
  year={2018}
}

@article{sheynin2023emu,
  title={Emu edit: Precise image editing via recognition and generation tasks},
  author={Sheynin, Shelly and Polyak, Adam and Singer, Uriel and Kirstain, Yuval and Zohar, Amit and Ashual, Oron and Parikh, Devi and Taigman, Yaniv},
  journal={arXiv preprint arXiv:2311.10089},
  year={2023}
}

@article{betker2023improving,
  title={Improving image generation with better captions},
  author={Betker, James and Goh, Gabriel and Jing, Li and Brooks, Tim and Wang, Jianfeng and Li, Linjie and Ouyang, Long and Zhuang, Juntang and Lee, Joyce and Guo, Yufei and others},
  journal={Computer Science. https://cdn. openai. com/papers/dall-e-3. pdf},
  year={2023}
}

@article{voleti2022mcvd,
  title={MCVD-masked conditional video diffusion for prediction, generation, and interpolation},
  author={Voleti, Vikram and Jolicoeur-Martineau, Alexia and Pal, Chris},
  journal={Advances in Neural Information Processing Systems},
  volume={35},
  pages={23371--23385},
  year={2022}
}

@article{lam2022graphcast,
  title={GraphCast: Learning skillful medium-range global weather forecasting},
  author={Lam, Remi and Sanchez-Gonzalez, Alvaro and Willson, Matthew and Wirnsberger, Peter and Fortunato, Meire and Alet, Ferran and Ravuri, Suman and Ewalds, Timo and Eaton-Rosen, Zach and Hu, Weihua and others},
  journal={arXiv preprint arXiv:2212.12794},
  year={2022}
}



% papers I'm on

@inproceedings{harvey2022near,
  title={Near-optimal glimpse sequences for improved hard attention neural network training},
  author={Harvey, William and Teng, Michael and Wood, Frank},
  booktitle={2022 International Joint Conference on Neural Networks (IJCNN)},
  pages={1--8},
  year={2022},
  organization={IEEE}
}

@article{harvey2019attention,
  title={Attention for inference compilation},
  author={Harvey, William and Munk, Andreas and Baydin, At{\i}l{\i}m G{\"u}ne{\c{s}} and Bergholm, Alexander and Wood, Frank},
  journal={arXiv preprint arXiv:1910.11961},
  year={2019}
}

@inproceedings{weilbach2020structured,
  title={Structured conditional continuous normalizing flows for efficient amortized inference in graphical models},
  author={Weilbach, Christian and Beronov, Boyan and Wood, Frank and Harvey, William},
  booktitle={International Conference on Artificial Intelligence and Statistics},
  pages={4441--4451},
  year={2020},
  organization={PMLR}
}

@article{harvey2021conditional,
  title={Conditional image generation by conditioning variational auto-encoders},
  author={Harvey, William and Naderiparizi, Saeid and Wood, Frank},
  journal={International Conference on Learning Representations},
  year={2021}
}

@article{harvey2022flexible,
  title={Flexible diffusion modeling of long videos},
  author={Harvey, William and Naderiparizi, Saeid and Masrani, Vaden and Weilbach, Christian and Wood, Frank},
  journal={Advances in Neural Information Processing Systems},
  volume={35},
  pages={27953--27965},
  year={2022}
}

@article{wood2022planning,
  title={Planning as inference in epidemiological dynamics models},
  author={Wood, Frank and Warrington, Andrew and Naderiparizi, Saeid and Weilbach, Christian and Masrani, Vaden and Harvey, William and {\'S}cibior, Adam and Beronov, Boyan and Grefenstette, John and Campbell, Duncan and others},
  journal={Frontiers in Artificial Intelligence},
  volume={4},
  pages={550603},
  year={2022},
  publisher={Frontiers Media SA}
}

@inproceedings{weilbach2023graphically,
  title={Graphically structured diffusion models},
  author={Weilbach, Christian Dietrich and Harvey, William and Wood, Frank},
  booktitle={International Conference on Machine Learning},
  pages={36887--36909},
  year={2023},
  organization={PMLR}
}

@inproceedings{weilbach2023scaling,
  title={Scaling Graphically Structured Diffusion Models},
  author={Weilbach, Christian Dietrich and Harvey, William and Shirzad, Hamed and Wood, Frank},
  booktitle={ICML 2023 Workshop on Structured Probabilistic Inference $\{$$\backslash$\&$\}$ Generative Modeling},
  year={2023}
}

@article{harvey2023visual,
  title={Visual Chain-of-Thought Diffusion Models},
  author={Harvey, William and Wood, Frank},
  journal={arXiv preprint arXiv:2303.16187},
  year={2023}
}







% other papers

@article{wang2018image,
  title={Image inpainting via generative multi-column convolutional neural networks},
  author={Wang, Yi and Tao, Xin and Qi, Xiaojuan and Shen, Xiaoyong and Jia, Jiaya},
  journal={arXiv preprint arXiv:1810.08771},
  year={2018}
}

@inproceedings{li2017generative,
  title={Generative face completion},
  author={Li, Yijun and Liu, Sifei and Yang, Jimei and Yang, Ming-Hsuan},
  booktitle={Proceedings of the IEEE conference on computer vision and pattern recognition},
  pages={3911--3919},
  year={2017}
}


@inproceedings{zheng2019pluralistic,
  title={Pluralistic image completion},
  author={Zheng, Chuanxia and Cham, Tat-Jen and Cai, Jianfei},
  booktitle={Proceedings of the IEEE/CVF Conference on Computer Vision and Pattern Recognition},
  pages={1438--1447},
  year={2019}
}

@inproceedings{ren2015shepard,
  title={Shepard convolutional neural networks},
  author={Ren, Jimmy SJ and Xu, Li and Yan, Qiong and Sun, Wenxiu},
  booktitle={Proceedings of the 28th International Conference on Neural Information Processing Systems-Volume 1},
  pages={901--909},
  year={2015}
}

@inproceedings{kohler2014mask,
  title={Mask-specific inpainting with deep neural networks},
  author={K{\"o}hler, Rolf and Schuler, Christian and Sch{\"o}lkopf, Bernhard and Harmeling, Stefan},
  booktitle={German conference on pattern recognition},
  pages={523--534},
  year={2014},
  organization={Springer}
}

@article{goodfellow2014generative,
  title={Generative adversarial networks},
  author={Goodfellow, Ian J and Pouget-Abadie, Jean and Mirza, Mehdi and Xu, Bing and Warde-Farley, David and Ozair, Sherjil and Courville, Aaron and Bengio, Yoshua},
  journal={arXiv preprint arXiv:1406.2661},
  year={2014}
}

@inproceedings{pathak2016context,
  title={Context encoders: Feature learning by inpainting},
  author={Pathak, Deepak and Krahenbuhl, Philipp and Donahue, Jeff and Darrell, Trevor and Efros, Alexei A},
  booktitle={Proceedings of the IEEE conference on computer vision and pattern recognition},
  pages={2536--2544},
  year={2016}
}

@article{iizuka2017globally,
  title={Globally and locally consistent image completion},
  author={Iizuka, Satoshi and Simo-Serra, Edgar and Ishikawa, Hiroshi},
  journal={ACM Transactions on Graphics (ToG)},
  volume={36},
  number={4},
  pages={1--14},
  year={2017},
  publisher={ACM New York, NY, USA}
}

@inproceedings{yeh2017semantic,
  title={Semantic image inpainting with deep generative models},
  author={Yeh, Raymond A and Chen, Chen and Yian Lim, Teck and Schwing, Alexander G and Hasegawa-Johnson, Mark and Do, Minh N},
  booktitle={Proceedings of the IEEE conference on computer vision and pattern recognition},
  pages={5485--5493},
  year={2017}
}

@article{song2018spg,
  title={Spg-net: Segmentation prediction and guidance network for image inpainting},
  author={Song, Yuhang and Yang, Chao and Shen, Yeji and Wang, Peng and Huang, Qin and Kuo, C-C Jay},
  journal={arXiv preprint arXiv:1805.03356},
  year={2018}
}

@article{song2020score,
  title={Score-Based Generative Modeling through Stochastic Differential Equations},
  author={Song, Yang and Sohl-Dickstein, Jascha and Kingma, Diederik P and Kumar, Abhishek and Ermon, Stefano and Poole, Ben},
  journal={arXiv preprint arXiv:2011.13456},
  year={2020}
}

% some CVAEs
@inproceedings{bao2017cvae,
  title={CVAE-GAN: fine-grained image generation through asymmetric training},
  author={Bao, Jianmin and Chen, Dong and Wen, Fang and Li, Houqiang and Hua, Gang},
  booktitle={Proceedings of the IEEE international conference on computer vision},
  pages={2745--2754},
  year={2017}
}

@inproceedings{walker2016uncertain,
  title={An uncertain future: Forecasting from static images using variational autoencoders},
  author={Walker, Jacob and Doersch, Carl and Gupta, Abhinav and Hebert, Martial},
  booktitle={European Conference on Computer Vision},
  pages={835--851},
  year={2016},
  organization={Springer}
}

@article{sohn2015learning,
  title={Learning structured output representation using deep conditional generative models},
  author={Sohn, Kihyuk and Lee, Honglak and Yan, Xinchen},
  journal={Advances in neural information processing systems},
  volume={28},
  pages={3483--3491},
  year={2015}
}

@article{kingma2013auto,
  title={Auto-encoding variational bayes},
  author={Kingma, Diederik P and Welling, Max},
  journal={arXiv preprint arXiv:1312.6114},
  year={2013}
}

@article{child2020very,
  title={Very Deep VAEs Generalize Autoregressive Models and Can Outperform Them on Images},
  author={Child, Rewon},
  journal={arXiv preprint arXiv:2011.10650},
  year={2020}
}

@article{vahdat2020nvae,
  title={Nvae: A deep hierarchical variational autoencoder},
  author={Vahdat, Arash and Kautz, Jan},
  journal={arXiv preprint arXiv:2007.03898},
  year={2020}
}

@article{harvey2019near,
  title={Near-optimal glimpse sequences for improved hard attention neural network training},
  author={Harvey, William and Teng, Michael and Wood, Frank},
  journal={arXiv preprint arXiv:1906.05462},
  year={2019}
}

@article{garnelo2018neural,
  title={Neural processes},
  author={Garnelo, Marta and Schwarz, Jonathan and Rosenbaum, Dan and Viola, Fabio and Rezende, Danilo J and Eslami, SM and Teh, Yee Whye},
  journal={arXiv preprint arXiv:1807.01622},
  year={2018}
}

@inproceedings{garnelo2018conditional,
  title={Conditional neural processes},
  author={Garnelo, Marta and Rosenbaum, Dan and Maddison, Christopher and Ramalho, Tiago and Saxton, David and Shanahan, Murray and Teh, Yee Whye and Rezende, Danilo and Eslami, SM Ali},
  booktitle={International Conference on Machine Learning},
  pages={1704--1713},
  year={2018},
  organization={PMLR}
}

@article{kim2019attentive,
  title={Attentive neural processes},
  author={Kim, Hyunjik and Mnih, Andriy and Schwarz, Jonathan and Garnelo, Marta and Eslami, Ali and Rosenbaum, Dan and Vinyals, Oriol and Teh, Yee Whye},
  journal={arXiv preprint arXiv:1901.05761},
  year={2019}
}

% traditional image completion

@article{barnes2009patchmatch,
  title={PatchMatch: A randomized correspondence algorithm for structural image editing},
  author={Barnes, Connelly and Shechtman, Eli and Finkelstein, Adam and Goldman, Dan B},
  journal={ACM Trans. Graph.},
  volume={28},
  number={3},
  pages={24},
  year={2009}
}

@inproceedings{bertalmio2001navier,
  title={Navier-stokes, fluid dynamics, and image and video inpainting},
  author={Bertalmio, Marcelo and Bertozzi, Andrea L and Sapiro, Guillermo},
  booktitle={Proceedings of the 2001 IEEE Computer Society Conference on Computer Vision and Pattern Recognition. CVPR 2001},
  volume={1},
  pages={I--I},
  year={2001},
  organization={IEEE}
}

@inproceedings{bertalmio2000image,
  title={Image inpainting},
  author={Bertalmio, Marcelo and Sapiro, Guillermo and Caselles, Vincent and Ballester, Coloma},
  booktitle={Proceedings of the 27th annual conference on Computer graphics and interactive techniques},
  pages={417--424},
  year={2000}
}

@article{ballester2001filling,
  title={Filling-in by joint interpolation of vector fields and gray levels},
  author={Ballester, Coloma and Bertalmio, Marcelo and Caselles, Vicent and Sapiro, Guillermo and Verdera, Joan},
  journal={IEEE transactions on image processing},
  volume={10},
  number={8},
  pages={1200--1211},
  year={2001},
  publisher={IEEE}
}

@inproceedings{levin2003learning,
  title={Learning How to Inpaint from Global Image Statistics.},
  author={Levin, Anat and Zomet, Assaf and Weiss, Yair},
  booktitle={ICCV},
  volume={1},
  pages={305--312},
  year={2003}
}

@inproceedings{criminisi2003object,
  title={Object removal by exemplar-based inpainting},
  author={Criminisi, Antonio and Perez, Patrick and Toyama, Kentaro},
  booktitle={2003 IEEE Computer Society Conference on Computer Vision and Pattern Recognition, 2003. Proceedings.},
  volume={2},
  pages={II--II},
  year={2003},
  organization={IEEE}
}

@article{hays2007scene,
  title={Scene completion using millions of photographs},
  author={Hays, James and Efros, Alexei A},
  journal={ACM Transactions on Graphics (ToG)},
  volume={26},
  number={3},
  pages={4--es},
  year={2007},
  publisher={ACM New York, NY, USA}
}

@article{kingma2016improving,
  title={Improving variational inference with inverse autoregressive flow},
  author={Kingma, Diederik P and Salimans, Tim and Jozefowicz, Rafal and Chen, Xi and Sutskever, Ilya and Welling, Max},
  journal={arXiv preprint arXiv:1606.04934},
  year={2016}
}

@inproceedings{gregor2015draw,
  title={Draw: A recurrent neural network for image generation},
  author={Gregor, Karol and Danihelka, Ivo and Graves, Alex and Rezende, Danilo and Wierstra, Daan},
  booktitle={International Conference on Machine Learning},
  pages={1462--1471},
  year={2015},
  organization={PMLR}
}

@article{sonderby2016ladder,
  title={Ladder variational autoencoders},
  author={S{\o}nderby, Casper Kaae and Raiko, Tapani and Maal{\o}e, Lars and S{\o}nderby, S{\o}ren Kaae and Winther, Ole},
  journal={arXiv preprint arXiv:1602.02282},
  year={2016}
}

@article{klushyn2019learning,
  title={Learning hierarchical priors in VAEs},
  author={Klushyn, Alexej and Chen, Nutan and Kurle, Richard and Cseke, Botond and van der Smagt, Patrick},
  journal={arXiv preprint arXiv:1905.04982},
  year={2019}
}

@inproceedings{karras2020analyzing,
  title={Analyzing and improving the image quality of stylegan},
  author={Karras, Tero and Laine, Samuli and Aittala, Miika and Hellsten, Janne and Lehtinen, Jaakko and Aila, Timo},
  booktitle={Proceedings of the IEEE/CVF Conference on Computer Vision and Pattern Recognition},
  pages={8110--8119},
  year={2020}
}

@book{bishop2006pattern,
  title={Pattern recognition and machine learning},
  author={Bishop, Christopher M},
  year={2006},
  publisher={springer}
}

@inproceedings{yan2018shift,
  title={Shift-net: Image inpainting via deep feature rearrangement},
  author={Yan, Zhaoyi and Li, Xiaoming and Li, Mu and Zuo, Wangmeng and Shan, Shiguang},
  booktitle={Proceedings of the European conference on computer vision (ECCV)},
  pages={1--17},
  year={2018}
}

@inproceedings{zhao2020uctgan,
  title={UCTGAN: Diverse Image Inpainting Based on Unsupervised Cross-Space Translation},
  author={Zhao, Lei and Mo, Qihang and Lin, Sihuan and Wang, Zhizhong and Zuo, Zhiwen and Chen, Haibo and Xing, Wei and Lu, Dongming},
  booktitle={Proceedings of the IEEE/CVF Conference on Computer Vision and Pattern Recognition},
  pages={5741--5750},
  year={2020}
}

@inproceedings{yu2019free,
  title={Free-form image inpainting with gated convolution},
  author={Yu, Jiahui and Lin, Zhe and Yang, Jimei and Shen, Xiaohui and Lu, Xin and Huang, Thomas S},
  booktitle={Proceedings of the IEEE/CVF International Conference on Computer Vision},
  pages={4471--4480},
  year={2019}
}

@inproceedings{yu2018generative,
  title={Generative image inpainting with contextual attention},
  author={Yu, Jiahui and Lin, Zhe and Yang, Jimei and Shen, Xiaohui and Lu, Xin and Huang, Thomas S},
  booktitle={Proceedings of the IEEE conference on computer vision and pattern recognition},
  pages={5505--5514},
  year={2018}
}

@techreport{krizhevsky2009learning,
  author = {Alex Krizhevsky},
  title = {Learning Multiple Layers of Features from Tiny Images},
  institution = {University of Toronto},
  year = {2009},
  type = {Technical Report},
  url = {https://www.cs.toronto.edu/~kriz/learning-features-2009-TR.pdf}
}

@inproceedings{karras2019style,
  title={A style-based generator architecture for generative adversarial networks},
  author={Karras, Tero and Laine, Samuli and Aila, Timo},
  booktitle={Proceedings of the IEEE/CVF Conference on Computer Vision and Pattern Recognition},
  pages={4401--4410},
  year={2019}
}

@inproceedings{wang2017chestx,
  title={Chestx-ray8: Hospital-scale chest x-ray database and benchmarks on weakly-supervised classification and localization of common thorax diseases},
  author={Wang, Xiaosong and Peng, Yifan and Lu, Le and Lu, Zhiyong and Bagheri, Mohammadhadi and Summers, Ronald M},
  booktitle={Proceedings of the IEEE conference on computer vision and pattern recognition},
  pages={2097--2106},
  year={2017}
}

@inproceedings{huang2017densely,
  title={Densely connected convolutional networks},
  author={Huang, Gao and Liu, Zhuang and Van Der Maaten, Laurens and Weinberger, Kilian Q},
  booktitle={Proceedings of the IEEE conference on computer vision and pattern recognition},
  pages={4700--4708},
  year={2017}
}

@article{heusel2017gans,
  title={{GANs} trained by a two time-scale update rule converge to a local nash equilibrium},
  author={Heusel, Martin and Ramsauer, Hubert and Unterthiner, Thomas and Nessler, Bernhard and Hochreiter, Sepp},
  journal={arXiv preprint arXiv:1706.08500},
  year={2017}
}

@incollection{salimans2016improved,
  title = {Improved Techniques for Training {GANs}},
  booktitle = {Advances in Neural Information Processing Systems 29},
  author = {Salimans, Tim and Goodfellow, Ian and Zaremba, Wojciech and Cheung, Vicki and Radford, Alec and Chen, Xi and Chen, Xi},
  year = {2016},
  pages = {2234--2242},
  publisher = {Curran Associates, Inc.}
}

@article{barratt2018note,
  title={A note on the inception score},
  author={Barratt, Shane and Sharma, Rishi},
  journal={arXiv preprint arXiv:1801.01973},
  year={2018}
}

@inproceedings{zhang2018unreasonable,
  title={The unreasonable effectiveness of deep features as a perceptual metric},
  author={Zhang, Richard and Isola, Phillip and Efros, Alexei A and Shechtman, Eli and Wang, Oliver},
  booktitle={Proceedings of the IEEE conference on computer vision and pattern recognition},
  pages={586--595},
  year={2018}
}

@article{zhu2017toward,
  title={Toward multimodal image-to-image translation},
  author={Zhu, Jun-Yan and Zhang, Richard and Pathak, Deepak and Darrell, Trevor and Efros, Alexei A and Wang, Oliver and Shechtman, Eli},
  journal={arXiv preprint arXiv:1711.11586},
  year={2017}
}

@inproceedings{he2016deep,
  title={Deep residual learning for image recognition},
  author={He, Kaiming and Zhang, Xiangyu and Ren, Shaoqing and Sun, Jian},
  booktitle={Proceedings of the IEEE conference on computer vision and pattern recognition},
  pages={770--778},
  year={2016}
}

@inproceedings{loshchilov2016sgdr,
  author    = {Ilya Loshchilov and
               Frank Hutter},
  title     = {{SGDR:} Stochastic Gradient Descent with Warm Restarts},
  booktitle = {5th International Conference on Learning Representations, {ICLR} 2017,
               Toulon, France, April 24-26, 2017, Conference Track Proceedings},
  publisher = {OpenReview.net},
  year      = {2017},
  url       = {https://openreview.net/forum?id=Skq89Scxx},
  timestamp = {Thu, 25 Jul 2019 14:25:58 +0200},
  biburl    = {https://dblp.org/rec/conf/iclr/LoshchilovH17.bib},
  bibsource = {dblp computer science bibliography, https://dblp.org}
}

@inproceedings{kingma2015adam,
  author    = {Diederik P. Kingma and
               Jimmy Ba},
  editor    = {Yoshua Bengio and
               Yann LeCun},
  title     = {Adam: {A} Method for Stochastic Optimization},
  booktitle = {3rd International Conference on Learning Representations, {ICLR} 2015,
               San Diego, CA, USA, May 7-9, 2015, Conference Track Proceedings},
  year      = {2015},
  url       = {http://arxiv.org/abs/1412.6980},
  timestamp = {Thu, 25 Jul 2019 14:25:37 +0200},
  biburl    = {https://dblp.org/rec/journals/corr/KingmaB14.bib},
  bibsource = {dblp computer science bibliography, https://dblp.org}
}

@techreport{minka2005divergence,
  title={Divergence measures and message passing},
  author={Minka, Tom and others},
  year={2005},
  institution={Microsoft Research}
}

@misc{wandb,
title = {Experiment Tracking with Weights and Biases},
year = {2020},
note = {Software available from wandb.com},
url={https://www.wandb.com/},
author = {Biewald, Lukas},
}

@article{ivanov2018variational,
  title={Variational autoencoder with arbitrary conditioning},
  author={Ivanov, Oleg and Figurnov, Michael and Vetrov, Dmitry},
  journal={arXiv preprint arXiv:1806.02382},
  year={2018}
}

@article{ma2018eddi,
  title={Eddi: Efficient dynamic discovery of high-value information with partial vae},
  author={Ma, Chao and Tschiatschek, Sebastian and Palla, Konstantina and Hern{\'a}ndez-Lobato, Jos{\'e} Miguel and Nowozin, Sebastian and Zhang, Cheng},
  journal={arXiv preprint arXiv:1809.11142},
  year={2018}
}


% OOD stuff
@article{ren2019likelihood,
  title={Likelihood ratios for out-of-distribution detection},
  author={Ren, Jie and Liu, Peter J and Fertig, Emily and Snoek, Jasper and Poplin, Ryan and DePristo, Mark A and Dillon, Joshua V and Lakshminarayanan, Balaji},
  journal={arXiv preprint arXiv:1906.02845},
  year={2019}
}

@article{hendrycks2016baseline,
  title={A baseline for detecting misclassified and out-of-distribution examples in neural networks},
  author={Hendrycks, Dan and Gimpel, Kevin},
  journal={arXiv preprint arXiv:1610.02136},
  year={2016}
}

@article{xiao2020likelihood,
  title={Likelihood regret: An out-of-distribution detection score for variational auto-encoder},
  author={Xiao, Zhisheng and Yan, Qing and Amit, Yali},
  journal={arXiv preprint arXiv:2003.02977},
  year={2020}
}

@article{havtorn2021hierarchical,
  title={Hierarchical VAEs Know What They Don't Know},
  author={Havtorn, Jakob D and Frellsen, Jes and Hauberg, S{\o}ren and Maal{\o}e, Lars},
  journal={arXiv preprint arXiv:2102.08248},
  year={2021}
}

@article{arora2017gans,
  title={Do {GANs} actually learn the distribution? an empirical study},
  author={Arora, Sanjeev and Zhang, Yi},
  journal={arXiv preprint arXiv:1706.08224},
  year={2017}
}

@inproceedings{arora2017generalization,
  title={Generalization and equilibrium in generative adversarial nets ({GANs})},
  author={Arora, Sanjeev and Ge, Rong and Liang, Yingyu and Ma, Tengyu and Zhang, Yi},
  booktitle={International Conference on Machine Learning},
  pages={224--232},
  year={2017},
  organization={PMLR}
}

@inproceedings{zhao2021large,
  title={Large Scale Image Completion via Co-Modulated Generative Adversarial Networks},
  author={Zhao, Shengyu and Cui, Jonathan and Sheng, Yilun and Dong, Yue and Liang, Xiao and Chang, Eric I and Xu, Yan},
  booktitle={International Conference on Learning Representations (ICLR)},
  year={2021}
}

@misc{rangrej2021achieving,
title={Achieving Explainability in a Visual Hard Attention Model through Content Prediction},
author={Samrudhdhi Bharatkumar Rangrej and James J. Clark},
year={2021},
url={https://openreview.net/forum?id=pQq3oLH9UmL}
}

@article{lin2021anycost,
  title={Anycost {GANs} for Interactive Image Synthesis and Editing},
  author={Lin, Ji and Zhang, Richard and Ganz, Frieder and Han, Song and Zhu, Jun-Yan},
  journal={arXiv preprint arXiv:2103.03243},
  year={2021}
}

@article{wan2021high,
  title={High-Fidelity Pluralistic Image Completion with Transformers},
  author={Wan, Ziyu and Zhang, Jingbo and Chen, Dongdong and Liao, Jing},
  journal={arXiv preprint arXiv:2103.14031},
  year={2021}
}

@article{zheng2021tfill,
  title={TFill: Image Completion via a Transformer-Based Architecture},
  author={Zheng, Chuanxia and Cham, Tat-Jen and Cai, Jianfei},
  journal={arXiv preprint arXiv:2104.00845},
  year={2021}
}

@article{peng2021generating,
  title={Generating Diverse Structure for Image Inpainting With Hierarchical VQ-VAE},
  author={Peng, Jialun and Liu, Dong and Xu, Songcen and Li, Houqiang},
  journal={arXiv preprint arXiv:2103.10022},
  year={2021}
}

@article{wang2021image,
  title={Image Inpainting with Edge-guided Learnable Bidirectional Attention Maps},
  author={Wang, Dongsheng and Xie, Chaohao and Liu, Shaohui and Niu, Zhenxing and Zuo, Wangmeng},
  journal={arXiv preprint arXiv:2104.12087},
  year={2021}
}

@article{liu2021pd,
  title={PD-GAN: Probabilistic Diverse GAN for Image Inpainting},
  author={Liu, Hongyu and Wan, Ziyu and Huang, Wei and Song, Yibing and Han, Xintong and Liao, Jing},
  journal={arXiv preprint arXiv:2105.02201},
  year={2021}
}

@article{chandel2015occlusion,
  title={Occlusion detection and handling: a review},
  author={Chandel, Himanshu and Vatta, Sonia},
  journal={International Journal of Computer Applications},
  volume={120},
  number={10},
  year={2015},
  publisher={Citeseer}
}

@article{nalisnick2018deep,
  title={Do deep generative models know what they don't know?},
  author={Nalisnick, Eric and Matsukawa, Akihiro and Teh, Yee Whye and Gorur, Dilan and Lakshminarayanan, Balaji},
  journal={arXiv preprint arXiv:1810.09136},
  year={2018}
}

@techreport{netzer2011reading,
  author = {Yuval Netzer and Tao Wang and Adam Coates and Alessandro Bissacco and Bo Wu and Andrew Y. Ng},
  title = {Reading Digits in Natural Images with Unsupervised Feature Learning},
  institution = {Stanford University},
  year = {2011},
  url = {http://ufldl.stanford.edu/housenumbers/nips2011_housenumbers.pdf}
}

@inproceedings{rezende2014stochastic,
  title={Stochastic backpropagation and approximate inference in deep generative models},
  author={Rezende, Danilo Jimenez and Mohamed, Shakir and Wierstra, Daan},
  booktitle={International conference on machine learning},
  pages={1278--1286},
  year={2014},
  organization={PMLR}
}

@article{shih2022training,
  title={Training and inference on any-order autoregressive models the right way},
  author={Shih, Andy and Sadigh, Dorsa and Ermon, Stefano},
  journal={Advances in Neural Information Processing Systems},
  volume={35},
  pages={2762--2775},
  year={2022}
}


@inproceedings{li2020recurrent,
  title={Recurrent feature reasoning for image inpainting},
  author={Li, Jingyuan and Wang, Ning and Zhang, Lefei and Du, Bo and Tao, Dacheng},
  booktitle={Proceedings of the IEEE/CVF Conference on Computer Vision and Pattern Recognition},
  pages={7760--7768},
  year={2020}
}
@article{sabini2018painting,
  title={Painting outside the box: Image outpainting with {GANs}},
  author={Sabini, Mark and Rusak, Gili},
  journal={arXiv preprint arXiv:1808.08483},
  year={2018}
}

@article{debrabant2009families,
  title={Families of efficient second order Runge--Kutta methods for the weak approximation of It{\^o} stochastic differential equations},
  author={Debrabant, Kristian and R{\"o}{\ss}ler, Andreas},
  journal={Applied numerical mathematics},
  volume={59},
  number={3-4},
  pages={582--594},
  year={2009},
  publisher={Elsevier}
}



@article{green2024semantically,
  title={Semantically Consistent Video Inpainting with Conditional Diffusion Models},
  author={Green, Dylan and Harvey, William and Naderiparizi, Saeid and Niedoba, Matthew and Liu, Yunpeng and Liang, Xiaoxuan and Lavington, Jonathan and Zhang, Ke and Lioutas, Vasileios and Dabiri, Setareh and others},
  journal={arXiv preprint arXiv:2405.00251},
  year={2024}
}


@article{gloeckler2024all,
  title={All-in-one simulation-based inference},
  author={Gloeckler, Manuel and Deistler, Michael and Weilbach, Christian and Wood, Frank and Macke, Jakob H},
  journal={arXiv preprint arXiv:2404.09636},
  year={2024}
}

@article{wu2018conditional,
  title={Conditional inference in pre-trained variational autoencoders via cross-coding},
  author={Wu, Ga and Domke, Justin and Sanner, Scott},
  journal={arXiv preprint arXiv:1805.07785},
  year={2018}
}

@article{nguyen2016plug,
  title={Plug \& Play Generative Networks: Conditional Iterative Generation of Images in Latent Space.(2016)},
  author={Nguyen, Anh and Yosinski, Jason and Bengio, Yoshua and Dosovitskiy, Alexey and Clune, Jeff},
  journal={arXiv preprint cs.CV/1612.00005},
  year={2016}
}

@article{duan2019pre,
  title={Pre-train and plug-in: Flexible conditional text generation with variational auto-encoders},
  author={Duan, Yu and Xu, Canwen and Pei, Jiaxin and Han, Jialong and Li, Chenliang},
  journal={arXiv preprint arXiv:1911.03882},
  year={2019}
}

@article{isola2016image,
  title={Image-to-Image Translation with Conditional Adversarial Networks. arxiv (2016)},
  author={Isola, Phillip and Zhu, Jun-Yan and Zhou, Tinghui and Efros, Alexei A},
  journal={arXiv preprint arXiv:1611.07004},
  year={2016}
}

@inproceedings{deng2009imagenet,
  title={Imagenet: A large-scale hierarchical image database},
  author={Deng, Jia and Dong, Wei and Socher, Richard and Li, Li-Jia and Li, Kai and Fei-Fei, Li},
  booktitle={2009 IEEE conference on computer vision and pattern recognition},
  pages={248--255},
  year={2009},
  organization={Ieee}
}

@article{bommasani2021opportunities,
  title={On the Opportunities and Risks of Foundation Models},
  author={Bommasani, Rishi and Hudson, Drew A and Adeli, Ehsan and Altman, Russ and Arora, Simran and von Arx, Sydney and Bernstein, Michael S and Bohg, Jeannette and Bosselut, Antoine and Brunskill, Emma and others},
  journal={arXiv preprint arXiv:2108.07258},
  year={2021}
}

@inproceedings{wolf2020transformers,
    title = "Transformers: State-of-the-Art Natural Language Processing",
    author = "Thomas Wolf and Lysandre Debut and Victor Sanh and Julien Chaumond and Clement Delangue and Anthony Moi and Pierric Cistac and Tim Rault and Rémi Louf and Morgan Funtowicz and Joe Davison and Sam Shleifer and Patrick von Platen and Clara Ma and Yacine Jernite and Julien Plu and Canwen Xu and Teven Le Scao and Sylvain Gugger and Mariama Drame and Quentin Lhoest and Alexander M. Rush",
    booktitle = "Proceedings of the 2020 Conference on Empirical Methods in Natural Language Processing: System Demonstrations",
    month = oct,
    year = "2020",
    address = "Online",
    publisher = "Association for Computational Linguistics",
    url = "https://www.aclweb.org/anthology/2020.emnlp-demos.6",
    pages = "38--45"
}

@article{li2020multimodal,
  title={Multimodal image synthesis with conditional implicit maximum likelihood estimation},
  author={Li, Ke and Peng, Shichong and Zhang, Tianhao and Malik, Jitendra},
  journal={International Journal of Computer Vision},
  volume={128},
  pages={2607--2628},
  year={2020},
  publisher={Springer}
}




#  Near-optimal glimpse sequences for improved hard attention neural network training

@book{bear2007neuroscience,
  title={Neuroscience},
  author={Bear, Mark F and Connors, Barry W and Paradiso, Michael A},
  volume={2},
  year={2007},
  publisher={Lippincott Williams \& Wilkins}
}


@book{traquair1949introduction,
  title={An introduction to clinical perimetry},
  author={Traquair, Harry Moss},
  year={1949},
  publisher={Mosby}
}

%%% Yarbus

@incollection{yarbus1967eye,
  title={Eye movements during perception of complex objects},
  author={Yarbus, Alfred L},
  booktitle={Eye movements and vision},
  pages={171--211},
  year={1967},
  publisher={Springer}
}

%%% Attention in Neuroscience

% it is necessary
@article{rensink2000dynamic,
  title={The dynamic representation of scenes},
  author={Rensink, Ronald A},
  journal={Visual cognition},
  volume={7},
  number={1-3},
  pages={17--42},
  year={2000},
  publisher={Taylor \& Francis}
}

% it minimises entropy
@article{bruce2009saliency,
  title={Saliency, attention, and visual search: An information theoretic approach},
  author={Bruce, Neil DB and Tsotsos, John K},
  journal={Journal of vision},
  volume={9},
  number={3},
  pages={5--5},
  year={2009},
  publisher={The Association for Research in Vision and Ophthalmology}
}

@book{anderson2005cognitive,
  title={Cognitive psychology and its implications},
  author={Anderson, John R},
  year={2005},
  publisher={Macmillan}
}

@article{itti2009bayesian,
  title={Bayesian surprise attracts human attention},
  author={Itti, Laurent and Baldi, Pierre},
  journal={Vision research},
  volume={49},
  number={10},
  pages={1295--1306},
  year={2009},
  publisher={Elsevier}
}

@article{schwartenbeck2013exploration,
  title={Exploration, novelty, surprise, and free energy minimization},
  author={Schwartenbeck, Philipp and FitzGerald, Thomas and Dolan, Ray and Friston, Karl},
  journal={Frontiers in psychology},
  volume={4},
  pages={710},
  year={2013},
  publisher={Frontiers}
}

@article{feldman2010attention,
  title={Attention, uncertainty, and free-energy},
  author={Feldman, Harriet and Friston, Karl},
  journal={Frontiers in human neuroscience},
  volume={4},
  pages={215},
  year={2010},
  publisher={Frontiers}
}

%%% Hard Attention
@inproceedings{mnih2014recurrent,
  title={Recurrent models of visual attention},
  author={Mnih, Volodymyr and Heess, Nicolas and Graves, Alex and others},
  booktitle={Advances in neural information processing systems},
  pages={2204--2212},
  year={2014}
}

@article{ba2014multiple,
  title={Multiple object recognition with visual attention},
  author={Ba, Jimmy and Mnih, Volodymyr and Kavukcuoglu, Koray},
  journal={arXiv preprint arXiv:1412.7755},
  year={2014}
}

@inproceedings{ba2015learning,
  title={Learning wake-sleep recurrent attention models},
  author={Ba, Jimmy and Salakhutdinov, Russ R and Grosse, Roger B and Frey, Brendan J},
  booktitle={Advances in Neural Information Processing Systems},
  pages={2593--2601},
  year={2015}
}

@inproceedings{shankar2018posterior,
  title={Posterior attention models for sequence to sequence learning},
  author={Shankar, Shiv and Sarawagi, Sunita},
  booktitle={International Conference on Learning Representations},
  year={2018}
}

@inproceedings{lawson2018learning,
  title={Learning hard alignments with variational inference},
  author={Lawson, Dieterich and Chiu, Chung-Cheng and Tucker, George and Raffel, Colin and Swersky, Kevin and Jaitly, Navdeep},
  booktitle={2018 IEEE International Conference on Acoustics, Speech and Signal Processing (ICASSP)},
  pages={5799--5803},
  year={2018},
  organization={IEEE}
}

% extension of Ba above with experiments on Stanford dogs
% "did not appear to derive significant benefit from glimpses beyond the first." according to elsayed2019saccader
@article{sermanet2014attention,
  title={Attention for fine-grained categorization},
  author={Sermanet, Pierre and Frome, Andrea and Real, Esteban},
  journal={arXiv preprint arXiv:1412.7054},
  year={2014}
}

% they seem somewhat similar to us
@article{elsayed2019saccader,
  title={Saccader: Improving Accuracy of Hard Attention Models for Vision},
  author={Elsayed, Gamaleldin F and Kornblith, Simon and Le, Quoc V},
  journal={arXiv preprint arXiv:1908.07644},
  year={2019}
}

@InProceedings{katharopoulos2019processing,
  title = 	 {Processing Megapixel Images with Deep Attention-Sampling Models},
  author = 	 {Katharopoulos, Angelos and Fleuret, Francois},
  booktitle = 	 {Proceedings of the 36th International Conference on Machine Learning},
  pages = 	 {3282--3291},
  year = 	 {2019},
  editor = 	 {Chaudhuri, Kamalika and Salakhutdinov, Ruslan},
  volume = 	 {97},
  series = 	 {Proceedings of Machine Learning Research},
  address = 	 {Long Beach, California, USA},
  month = 	 {09--15 Jun},
  publisher = 	 {PMLR},
  pdf = 	 {http://proceedings.mlr.press/v97/katharopoulos19a/katharopoulos19a.pdf},
 
}


% Supervised hard attention training

% made a dataset of human annotations (from some mechanical turk game)
@article{das2017human,
  title={Human attention in visual question answering: Do humans and deep networks look at the same regions?},
  author={Das, Abhishek and Agrawal, Harsh and Zitnick, Larry and Parikh, Devi and Batra, Dhruv},
  journal={Computer Vision and Image Understanding},
  volume={163},
  pages={90--100},
  year={2017},
  publisher={Elsevier}
}

% extrapolate from human annotated examples to generate more annotations on similar vqa tasks
@inproceedings{qiao2018exploring,
  title={Exploring human-like attention supervision in visual question answering},
  author={Qiao, Tingting and Dong, Jianfeng and Xu, Duanqing},
  booktitle={Thirty-Second AAAI Conference on Artificial Intelligence},
  year={2018}
}

% use human-gaze data to create annotations (and apply it to video)
@inproceedings{yu2017supervising,
  title={Supervising neural attention models for video captioning by human gaze data},
  author={Yu, Youngjae and Choi, Jongwook and Kim, Yeonhwa and Yoo, Kyung and Lee, Sang-Hun and Kim, Gunhee},
  booktitle={Proceedings of the IEEE Conference on Computer Vision and Pattern Recognition},
  pages={490--498},
  year={2017}
}

% humans link relveant image segments (from previous segmentations) to VQA questions
@inproceedings{gan2017vqs,
  title={{VQS}: Linking segmentations to questions and answers for supervised attention in {VQA} and question-focused semantic segmentation},
  author={Gan, Chuang and Li, Yandong and Li, Haoxiang and Sun, Chen and Gong, Boqing},
  booktitle={Proceedings of the IEEE International Conference on Computer Vision},
  pages={1811--1820},
  year={2017}
}


%%% Hybrid Attention

% multiple locations proposed by object detection network and then weighted
@inproceedings{anderson2018bottom,
  title={Bottom-up and top-down attention for image captioning and visual question answering},
  author={Anderson, Peter and He, Xiaodong and Buehler, Chris and Teney, Damien and Johnson, Mark and Gould, Stephen and Zhang, Lei},
  booktitle={Proceedings of the IEEE Conference on Computer Vision and Pattern Recognition},
  pages={6077--6086},
  year={2018}
}

% STN - state of the art on Birds-200-2011 - object detection/classification
@inproceedings{jaderberg2015spatial,
  title={Spatial transformer networks},
  author={Jaderberg, Max and Simonyan, Karen and Zisserman, Andrew and others},
  booktitle={Advances in neural information processing systems},
  pages={2017--2025},
  year={2015}
}

%%% Neural net computational cost
@article{bianco2018benchmark,
  title={Benchmark analysis of representative deep neural network architectures},
  author={Bianco, Simone and Cadene, Remi and Celona, Luigi and Napoletano, Paolo},
  journal={IEEE Access},
  volume={6},
  pages={64270--64277},
  year={2018},
  publisher={IEEE}
}

@article{huang2018gpipe,
  title={Gpipe: Efficient training of giant neural networks using pipeline parallelism},
  author={Huang, Yanping and Cheng, Yonglong and Chen, Dehao and Lee, HyoukJoong and Ngiam, Jiquan and Le, Quoc V and Chen, Zhifeng},
  journal={arXiv preprint arXiv:1811.06965},
  year={2018}
}

%%% Soft attention

% Image classification
@inproceedings{wang2017residual,
  title={Residual attention network for image classification},
  author={Wang, Fei and Jiang, Mengqing and Qian, Chen and Yang, Shuo and Li, Cheng and Zhang, Honggang and Wang, Xiaogang and Tang, Xiaoou},
  booktitle={Proceedings of the IEEE Conference on Computer Vision and Pattern Recognition},
  pages={3156--3164},
  year={2017}
}

% translation
@inproceedings{vaswani2017attention,
  title={Attention is all you need},
  author={Vaswani, Ashish and Shazeer, Noam and Parmar, Niki and Uszkoreit, Jakob and Jones, Llion and Gomez, Aidan N and Kaiser, {\L}ukasz and Polosukhin, Illia},
  booktitle={Advances in Neural Information Processing Systems},
  pages={5998--6008},
  year={2017}
}

% captioning - also use hard attention
@inproceedings{xu2015show,
  title={Show, attend and tell: Neural image caption generation with visual attention},
  author={Xu, Kelvin and Ba, Jimmy and Kiros, Ryan and Cho, Kyunghyun and Courville, Aaron and Salakhudinov, Ruslan and Zemel, Rich and Bengio, Yoshua},
  booktitle={International Conference on Machine Learning},
  pages={2048--2057},
  year={2015}
}

%%% REINFORCE
@article{williams1992simple,
  title = {Simple statistical gradient-following algorithms for connectionist reinforcement learning},
  author = {Williams, Ronald J},
  journal = {Machine learning},
  volume = {8},
  number = {3-4},
  pages = {229--256},
  year = {1992},
  publisher = {Springer}
}

% control variates
@article{paisley2012variational,
  title={Variational {B}ayesian inference with stochastic search},
  author={Paisley, John and Blei, David and Jordan, Michael},
  journal={arXiv preprint arXiv:1206.6430},
  year={2012}
}

@inproceedings{tucker2017rebar,
  title={Rebar: Low-variance, unbiased gradient estimates for discrete latent variable models},
  author={Tucker, George and Mnih, Andriy and Maddison, Chris J and Lawson, John and Sohl-Dickstein, Jascha},
  booktitle={Advances in Neural Information Processing Systems},
  pages={2627--2636},
  year={2017}
}

%%% Pyro
@article{bingham2018pyro,
  author = {Bingham, Eli and Chen, Jonathan P. and Jankowiak, Martin and Obermeyer, Fritz and
            Pradhan, Neeraj and Karaletsos, Theofanis and Singh, Rohit and Szerlip, Paul and
            Horsfall, Paul and Goodman, Noah D.},
  title = {Pyro: Deep Universal Probabilistic Programming},
  journal = {arXiv preprint arXiv:1810.09538},
  year = {2018}
}


%%% Metropolis algorithm
@article{beichl2000metropolis,
  title={The metropolis algorithm},
  author={Beichl, Isabel and Sullivan, Francis},
  journal={Computing in Science \& Engineering},
  volume={2},
  number={1},
  pages={65},
  year={2000},
  publisher={IEEE Computer Society}
}

%%% Sequential importance sampling
@article{arulampalam2002tutorial,
  title={A tutorial on particle filters for online nonlinear/non-{G}aussian {B}ayesian tracking},
  author={Arulampalam, M Sanjeev and Maskell, Simon and Gordon, Neil and Clapp, Tim},
  journal={IEEE Transactions on signal processing},
  volume={50},
  number={2},
  pages={174--188},
  year={2002},
  publisher={Ieee}
}

% resampling
@inproceedings{douc2005comparison,
  title={Comparison of resampling schemes for particle filtering},
  author={Douc, Randal and Capp{\'e}, Olivier},
  booktitle={ISPA 2005. Proceedings of the 4th International Symposium on Image and Signal Processing and Analysis, 2005.},
  pages={64--69},
  year={2005},
  organization={IEEE}
}

% effective sample size
@article{kish1999cumulating,
  title={Cumulating/combining population surveys},
  author={Kish, Leslie},
  journal={Survey Methodology},
  volume={25},
  number={2},
  pages={129--138},
  year={1999}
}

%%% Experimental Design
@article{winer1962statistical,
  title={Statistical principles in experimental design.},
  author={Winer, Ben James},
  year={1962},
  publisher={McGraw-Hill Book Company}
}

@book{warwick1975sample,
  title={The sample survey: Theory and practice.},
  author={Warwick, Donald P and Lininger, Charles A},
  year={1975},
  publisher={McGraw-Hill}
}

@book{quinn2002experimental,
  title={Experimental design and data analysis for biologists},
  author={Quinn, Gerry P and Keough, Michael J},
  year={2002},
  publisher={Cambridge University Press}
}

%%% Bayesian Experimental Design
@article{chaloner1995bayesian,
  title={Bayesian experimental design: A review},
  author={Chaloner, Kathryn and Verdinelli, Isabella},
  journal={Statistical Science},
  pages={273--304},
  year={1995},
  publisher={JSTOR}
}

@article{foster2019variational,
  title={Variational Estimators for {B}ayesian Optimal Experimental Design},
  author={Foster, Adam and Jankowiak, Martin and Bingham, Eli and Horsfall, Paul and Teh, Yee Whye and Rainforth, Tom and Goodman, Noah},
  journal={arXiv preprint arXiv:1903.05480},
  year={2019}
}

% General computer vision/deep learning

% GRU
@article{cho2014learning,
  title={Learning phrase representations using {RNN} encoder-decoder for statistical machine translation},
  author={Cho, Kyunghyun and Van Merri{\"e}nboer, Bart and Gulcehre, Caglar and Bahdanau, Dzmitry and Bougares, Fethi and Schwenk, Holger and Bengio, Yoshua},
  journal={arXiv preprint arXiv:1406.1078},
  year={2014}
}

@inproceedings{he2016deep,
  title={Deep residual learning for image recognition},
  author={He, Kaiming and Zhang, Xiangyu and Ren, Shaoqing and Sun, Jian},
  booktitle={Proceedings of the IEEE conference on computer vision and pattern recognition},
  pages={770--778},
  year={2016}
}

@InProceedings{vinyals2015show,
author = {Vinyals, Oriol and Toshev, Alexander and Bengio, Samy and Erhan, Dumitru},
title = {Show and Tell: A Neural Image Caption Generator},
booktitle = {The IEEE Conference on Computer Vision and Pattern Recognition (CVPR)},
month = {June},
year = {2015}
}

@InProceedings{li2016deep,
author = {Li, Guanbin and Yu, Yizhou},
title = {Deep Contrast Learning for Salient Object Detection},
booktitle = {The IEEE Conference on Computer Vision and Pattern Recognition (CVPR)},
month = {June},
year = {2016}
}

% CelebA-HQ
@article{karras2017progressive,
  title={Progressive growing of {GANs} for improved quality, stability, and variation},
  author={Karras, Tero and Aila, Timo and Laine, Samuli and Lehtinen, Jaakko},
  journal={arXiv preprint arXiv:1710.10196},
  year={2017}
}

@article{karras2018style,
  title={A style-based generator architecture for generative adversarial networks},
  author={Karras, Tero and Laine, Samuli and Aila, Timo},
  journal={arXiv preprint arXiv:1812.04948},
  year={2018}
}

% ImageNEt
@inproceedings{imagenet,
        AUTHOR = {Deng, J. and Dong, W. and Socher, R. and Li, L.-J. and Li, K. and Fei-Fei, L.},
        TITLE = {{ImageNet: A Large-Scale Hierarchical Image Database}},
        BOOKTITLE = {CVPR09},
        YEAR = {2009},
        BIBSOURCE = "http://www.image-net.org/papers/imagenet_cvpr09.bib"}

% FineGAN
@inproceedings{singh2019finegan,
  title={FineGAN: Unsupervised Hierarchical Disentanglement for Fine-Grained Object Generation and Discovery},
  author={Singh, Krishna Kumar and Ojha, Utkarsh and Lee, Yong Jae},
  booktitle={Proceedings of the IEEE Conference on Computer Vision and Pattern Recognition},
  pages={6490--6499},
  year={2019}
}

% image completion GANs
@inproceedings{isola2017image,
  title={Image-to-image translation with conditional adversarial networks},
  author={Isola, Phillip and Zhu, Jun-Yan and Zhou, Tinghui and Efros, Alexei A},
  booktitle={Proceedings of the IEEE conference on computer vision and pattern recognition},
  pages={1125--1134},
  year={2017}
}

@article{nazeri2019edgeconnect,
  title={Edgeconnect: Generative image inpainting with adversarial edge learning},
  author={Nazeri, Kamyar and Ng, Eric and Joseph, Tony and Qureshi, Faisal and Ebrahimi, Mehran},
  journal={arXiv preprint arXiv:1901.00212},
  year={2019}
}

@inproceedings{ronneberger2015u,
  title={U-net: Convolutional networks for biomedical image segmentation},
  author={Ronneberger, Olaf and Fischer, Philipp and Brox, Thomas},
  booktitle={International Conference on Medical image computing and computer-assisted intervention},
  pages={234--241},
  year={2015},
  organization={Springer}
}

% normalizing flows
@inproceedings{kingma2018glow,
  title={Glow: Generative flow with invertible 1x1 convolutions},
  author={Kingma, Durk P and Dhariwal, Prafulla},
  booktitle={Advances in Neural Information Processing Systems},
  pages={10215--10224},
  year={2018}
}

% deconvolution
@article{odena2016deconvolution,
  author = {Odena, Augustus and Dumoulin, Vincent and Olah, Chris},
  title = {Deconvolution and Checkerboard Artifacts},
  journal = {Distill},
  year = {2016},
  url= {http://distill.pub/2016/deconv-checkerboard},
  doi = {10.23915/distill.00003}
}

% PCA
@book{jolliffe2011principal,
  title={Principal component analysis},
  author={Jolliffe, Ian},
  year={2011},
  publisher={Springer}
}

% sklearn
@article{scikit-learn,
 title={Scikit-learn: Machine Learning in {P}ython},
 author={Pedregosa, F. and Varoquaux, G. and Gramfort, A. and Michel, V.
         and Thirion, B. and Grisel, O. and Blondel, M. and Prettenhofer, P.
         and Weiss, R. and Dubourg, V. and Vanderplas, J. and Passos, A. and
         Cournapeau, D. and Brucher, M. and Perrot, M. and Duchesnay, E.},
 journal={Journal of Machine Learning Research},
 volume={12},
 pages={2825--2830},
 year={2011}
}

% image search
@article{jegou2010improving,
  title={Improving bag-of-features for large scale image search},
  author={J{\'e}gou, Herv{\'e} and Douze, Matthijs and Schmid, Cordelia},
  journal={International journal of computer vision},
  volume={87},
  number={3},
  pages={316--336},
  year={2010},
  publisher={Springer}
}

% Rainforth thesis
@phdthesis{rainforth2017thesis,
  title = {{Automating Inference, Learning, and Design using
  	Probabilistic Programming}},
  author = {Rainforth, Tom},
  institution = {University of Oxford},
  pdf = {http://www.robots.ox.ac.uk/~twgr/assets/pdf/rainforth2017thesis.pdf},
  year = {2017}
}

% dropout
@inproceedings{gal2016dropout,
  title={Dropout as a bayesian approximation: Representing model uncertainty in deep learning},
  author={Gal, Yarin and Ghahramani, Zoubin},
  booktitle={international conference on machine learning},
  pages={1050--1059},
  year={2016}
}

@article{srivastava2014dropout,
  title={Dropout: a simple way to prevent neural networks from overfitting},
  author={Srivastava, Nitish and Hinton, Geoffrey and Krizhevsky, Alex and Sutskever, Ilya and Salakhutdinov, Ruslan},
  journal={The Journal of Machine Learning Research},
  volume={15},
  number={1},
  pages={1929--1958},
  year={2014},
  publisher={JMLR. org}
}

% HMC
@article{duane1987hybrid,
  title={Hybrid {M}onte {C}arlo},
  author={Duane, Simon and Kennedy, Anthony D and Pendleton, Brian J and Roweth, Duncan},
  journal={Physics letters B},
  volume={195},
  number={2},
  pages={216--222},
  year={1987},
  publisher={Elsevier}
}

@article{hoffman2014no,
  title={The {N}o-{U}-{T}urn sampler: adaptively setting path lengths in {Hamiltonian Monte Carlo}.},
  author={Hoffman, Matthew D and Gelman, Andrew},
  journal={Journal of Machine Learning Research},
  volume={15},
  number={1},
  pages={1593--1623},
  year={2014}
}

%
@article{chung2014empirical,
  title={Empirical evaluation of gated recurrent neural networks on sequence modeling},
  author={Chung, Junyoung and Gulcehre, Caglar and Cho, KyungHyun and Bengio, Yoshua},
  journal={arXiv preprint arXiv:1412.3555},
  year={2014}
}

% GRU
@article{chung2014empirical,
  title={Empirical evaluation of gated recurrent neural networks on sequence modeling},
  author={Chung, Junyoung and Gulcehre, Caglar and Cho, KyungHyun and Bengio, Yoshua},
  journal={arXiv preprint arXiv:1412.3555},
  year={2014}
}

%%% Datasets

% Stanford dogs
@inproceedings{khosla2011novel,
  title={Novel dataset for fine-grained image categorization: Stanford dogs},
  author={Khosla, Aditya and Jayadevaprakash, Nityananda and Yao, Bangpeng and Li, Fei-Fei},
  booktitle={Proc. CVPR Workshop on Fine-Grained Visual Categorization (FGVC)},
  volume={2},
  number={1},
  year={2011}
}

% Caltech birds
@techreport{wah2011caltech,
	Title = {{The Caltech-UCSD Birds-200-2011 Dataset}},
	Author = {Wah, C. and Branson, S. and Welinder, P. and Perona, P. and Belongie, S.},
	Year = {2011},
	Institution = {California Institute of Technology},
	Number = {CNS-TR-2011-001}
}

%%% Early stopping stuff

@inproceedings{li2017dynamic,
  title={Dynamic computational time for visual attention},
  author={Li, Zhichao and Yang, Yi and Liu, Xiao and Zhou, Feng and Wen, Shilei and Xu, Wei},
  booktitle={Proceedings of the IEEE International Conference on Computer Vision},
  pages={1199--1209},
  year={2017}
}
% differentiable mechanism
@article{graves2016adaptive,
  title={Adaptive computation time for recurrent neural networks},
  author={Graves, Alex},
  journal={arXiv preprint arXiv:1603.08983},
  year={2016}
}

% stopping flag based on number of objects in image - seems similar to early stopping in ba2014multiple
@inproceedings{eslami2016attend,
  title={Attend, infer, repeat: Fast scene understanding with generative models},
  author={Eslami, SM Ali and Heess, Nicolas and Weber, Theophane and Tassa, Yuval and Szepesvari, David and Hinton, Geoffrey E and others},
  booktitle={Advances in Neural Information Processing Systems},
  pages={3225--3233},
  year={2016}
}

% Adam optimiser
@article{kingma2014adam,
  title={Adam: A method for stochastic optimization},
  author={Kingma, Diederik P and Ba, Jimmy},
  journal={arXiv preprint arXiv:1412.6980},
  year={2014}
}

% VGG net
@article{simonyan2014very,
  title={Very deep convolutional networks for large-scale image recognition},
  author={Simonyan, Karen and Zisserman, Andrew},
  journal={arXiv preprint arXiv:1409.1556},
  year={2014}
}

%%% CNN baselines
@inproceedings{ma2018shufflenet,
  title={Shufflenet v2: Practical guidelines for efficient cnn architecture design},
  author={Ma, Ningning and Zhang, Xiangyu and Zheng, Hai-Tao and Sun, Jian},
  booktitle={Proceedings of the European Conference on Computer Vision (ECCV)},
  pages={116--131},
  year={2018}
}

@inproceedings{sandler2018mobilenetv2,
  title={Mobilenetv2: Inverted residuals and linear bottlenecks},
  author={Sandler, Mark and Howard, Andrew and Zhu, Menglong and Zhmoginov, Andrey and Chen, Liang-Chieh},
  booktitle={Proceedings of the IEEE Conference on Computer Vision and Pattern Recognition},
  pages={4510--4520},
  year={2018}
}

% semi-supervised wake sleep
@inproceedings{teng2020semi,
  title={Semi-supervised Sequential Generative Models},
  author={Teng, Michael and Le, Tuan Anh and Scibior, Adam and Wood, Frank},
  booktitle={Conference on Uncertainty in Artificial Intelligence},
  pages={649--658},
  year={2020},
  organization={PMLR}
}

% probabilistic scene completion
@inproceedings{dai2018scancomplete,
  title={Scancomplete: Large-scale scene completion and semantic segmentation for 3d scans},
  author={Dai, Angela and Ritchie, Daniel and Bokeloh, Martin and Reed, Scott and Sturm, J{\"u}rgen and Nie{\ss}ner, Matthias},
  booktitle={Proceedings of the IEEE Conference on Computer Vision and Pattern Recognition},
  pages={4578--4587},
  year={2018}
}

% neural architecture search (NAS)
@article{zoph2016neural,
  title={Neural architecture search with reinforcement learning},
  author={Zoph, Barret and Le, Quoc V},
  journal={arXiv preprint arXiv:1611.01578},
  year={2016}
}

@article{li2017hyperband,
  title={Hyperband: A novel bandit-based approach to hyperparameter optimization},
  author={Li, Lisha and Jamieson, Kevin and DeSalvo, Giulia and Rostamizadeh, Afshin and Talwalkar, Ameet},
  journal={The Journal of Machine Learning Research},
  volume={18},
  number={1},
  pages={6765--6816},
  year={2017},
  publisher={JMLR. org}
}


% 2SDM

@article{bao2022conditional,
  title={Why Are Conditional Generative Models Better Than Unconditional Ones?},
  author={Bao, Fan and Li, Chongxuan and Sun, Jiacheng and Zhu, Jun},
  journal={arXiv preprint arXiv:2212.00362},
  year={2022}
}

@article{hu2022self,
  title={Self-Guided Diffusion Models},
  author={Hu, Vincent Tao and Zhang, David W and Asano, Yuki M and Burghouts, Gertjan J and Snoek, Cees GM},
  journal={arXiv preprint arXiv:2210.06462},
  year={2022}
}

@article{karras2022elucidating,
  title={Elucidating the Design Space of Diffusion-Based Generative Models},
  author={Karras, Tero and Aittala, Miika and Aila, Timo and Laine, Samuli},
  journal={arXiv preprint arXiv:2206.00364},
  year={2022}
}

@inproceedings{radford2021learning,
  title={Learning transferable visual models from natural language supervision},
  author={Radford, Alec and Kim, Jong Wook and Hallacy, Chris and Ramesh, Aditya and Goh, Gabriel and Agarwal, Sandhini and Sastry, Girish and Askell, Amanda and Mishkin, Pamela and Clark, Jack and others},
  booktitle={International conference on machine learning},
  pages={8748--8763},
  year={2021},
  organization={PMLR}
}

@article{ho2022classifier,
  title={Classifier-free diffusion guidance},
  author={Ho, Jonathan and Salimans, Tim},
  journal={arXiv preprint arXiv:2207.12598},
  year={2022}
}

@article{ho2020denoising,
  title={Denoising diffusion probabilistic models},
  author={Ho, Jonathan and Jain, Ajay and Abbeel, Pieter},
  journal={Advances in Neural Information Processing Systems},
  volume={33},
  pages={6840--6851},
  year={2020}
}

@article{ramesh2022hierarchical,
  title={Hierarchical text-conditional image generation with clip latents},
  author={Ramesh, Aditya and Dhariwal, Prafulla and Nichol, Alex and Chu, Casey and Chen, Mark},
  journal={arXiv preprint arXiv:2204.06125},
  year={2022}
}

@article{nichol2021glide,
  title={Glide: Towards photorealistic image generation and editing with text-guided diffusion models},
  author={Nichol, Alex and Dhariwal, Prafulla and Ramesh, Aditya and Shyam, Pranav and Mishkin, Pamela and McGrew, Bob and Sutskever, Ilya and Chen, Mark},
  journal={arXiv preprint arXiv:2112.10741},
  year={2021}
}

@article{deja2023learning,
  title={Learning Data Representations with Joint Diffusion Models},
  author={Deja, Kamil and Trzcinski, Tomasz and Tomczak, Jakub M},
  journal={arXiv preprint arXiv:2301.13622},
  year={2023}
}

@article{dhariwal2021diffusion,
  title={Diffusion models beat {GANs} on image synthesis},
  author={Dhariwal, Prafulla and Nichol, Alexander},
  journal={Advances in Neural Information Processing Systems},
  volume={34},
  pages={8780--8794},
  year={2021}
}

@article{ho2022imagen,
  title={Imagen video: High definition video generation with diffusion models},
  author={Ho, Jonathan and Chan, William and Saharia, Chitwan and Whang, Jay and Gao, Ruiqi and Gritsenko, Alexey and Kingma, Diederik P and Poole, Ben and Norouzi, Mohammad and Fleet, David J and others},
  journal={arXiv preprint arXiv:2210.02303},
  year={2022}
}

@article{saharia2022photorealistic,
  title={Photorealistic text-to-image diffusion models with deep language understanding},
  author={Saharia, Chitwan and Chan, William and Saxena, Saurabh and Li, Lala and Whang, Jay and Denton, Emily and Ghasemipour, Seyed Kamyar Seyed and Ayan, Burcu Karagol and Mahdavi, S Sara and Lopes, Rapha Gontijo and others},
  journal={arXiv preprint arXiv:2205.11487},
  year={2022}
}

@article{meng2022distillation,
  title={On distillation of guided diffusion models},
  author={Meng, Chenlin and Gao, Ruiqi and Kingma, Diederik P and Ermon, Stefano and Ho, Jonathan and Salimans, Tim},
  journal={arXiv preprint arXiv:2210.03142},
  year={2022}
}

@article{oppenlaender2022creativity,
  title={The Creativity of Text-based Generative Art},
  author={Oppenlaender, Jonas},
  journal={arXiv preprint arXiv:2206.02904},
  year={2022}
}

@article{peebles2022scalable,
  title={Scalable Diffusion Models with Transformers},
  author={Peebles, William and Xie, Saining},
  journal={arXiv preprint arXiv:2212.09748},
  year={2022}
}


@article{ma2023unified,
  title={Unified Multi-Modal Latent Diffusion for Joint Subject and Text Conditional Image Generation},
  author={Ma, Yiyang and Yang, Huan and Wang, Wenjing and Fu, Jianlong and Liu, Jiaying},
  journal={arXiv preprint arXiv:2303.09319},
  year={2023}
}

@article{zhang2023adding,
  title={Adding conditional control to text-to-image diffusion models},
  author={Zhang, Lvmin and Agrawala, Maneesh},
  journal={arXiv preprint arXiv:2302.05543},
  year={2023}
}


@article{kim2022refining,
  title={Refining Generative Process with Discriminator Guidance in Score-based Diffusion Models},
  author={Kim, Dongjun and Kim, Yeongmin and Kang, Wanmo and Moon, Il-Chul},
  journal={arXiv preprint arXiv:2211.17091},
  year={2022}
}

@inproceedings{choi2020stargan,
  title={Stargan v2: Diverse image synthesis for multiple domains},
  author={Choi, Yunjey and Uh, Youngjung and Yoo, Jaejun and Ha, Jung-Woo},
  booktitle={Proceedings of the IEEE/CVF conference on computer vision and pattern recognition},
  pages={8188--8197},
  year={2020}
}

@inproceedings{rombach2022high,
  title={High-resolution image synthesis with latent diffusion models},
  author={Rombach, Robin and Blattmann, Andreas and Lorenz, Dominik and Esser, Patrick and Ommer, Bj{\"o}rn},
  booktitle={Proceedings of the IEEE/CVF Conference on Computer Vision and Pattern Recognition},
  pages={10684--10695},
  year={2022}
}

@article{wei2022chain,
  title={Chain of thought prompting elicits reasoning in large language models},
  author={Wei, Jason and Wang, Xuezhi and Schuurmans, Dale and Bosma, Maarten and Chi, Ed and Le, Quoc and Zhou, Denny},
  journal={arXiv preprint arXiv:2201.11903},
  year={2022}
}

@inproceedings{silvestri2022deterministic,
  title={Deterministic training of generative autoencoders using invertible layers},
  author={Silvestri, Gianluigi and Roos, Daan and Ambrogioni, Luca},
  booktitle={The Eleventh International Conference on Learning Representations},
  year={2022},
}

@article{kynkaanniemi2019improved,
  title={Improved precision and recall metric for assessing generative models},
  author={Kynk{\"a}{\"a}nniemi, Tuomas and Karras, Tero and Laine, Samuli and Lehtinen, Jaakko and Aila, Timo},
  journal={Advances in Neural Information Processing Systems},
  volume={32},
  year={2019}
}


@article{vahdat2021score,
  title={Score-based generative modeling in latent space},
  author={Vahdat, Arash and Kreis, Karsten and Kautz, Jan},
  journal={Advances in Neural Information Processing Systems},
  volume={34},
  pages={11287--11302},
  year={2021}
}

@article{azizi2023synthetic,
  title={Synthetic data from diffusion models improves imagenet classification},
  author={Azizi, Shekoofeh and Kornblith, Simon and Saharia, Chitwan and Norouzi, Mohammad and Fleet, David J},
  journal={arXiv preprint arXiv:2304.08466},
  year={2023}
}

@inproceedings{zhang2018perceptual,
  title={The Unreasonable Effectiveness of Deep Features as a Perceptual Metric},
  author={Zhang, Richard and Isola, Phillip and Efros, Alexei A and Shechtman, Eli and Wang, Oliver},
  booktitle={CVPR},
  year={2018}
}

@article{kingma2023understanding,
  title={Understanding the Diffusion Objective as a Weighted Integral of ELBOs},
  author={Kingma, Diederik P and Gao, Ruiqi},
  journal={arXiv preprint arXiv:2303.00848},
  year={2023}
}

@article{xu2023pfgm++,
  title={Pfgm++: Unlocking the potential of physics-inspired generative models},
  author={Xu, Yilun and Liu, Ziming and Tian, Yonglong and Tong, Shangyuan and Tegmark, Max and Jaakkola, Tommi},
  journal={arXiv preprint arXiv:2302.04265},
  year={2023}
}

@article{chang2023muse,
  title={Muse: Text-to-image generation via masked generative transformers},
  author={Chang, Huiwen and Zhang, Han and Barber, Jarred and Maschinot, AJ and Lezama, Jose and Jiang, Lu and Yang, Ming-Hsuan and Murphy, Kevin and Freeman, William T and Rubinstein, Michael and others},
  journal={arXiv preprint arXiv:2301.00704},
  year={2023}
}

@article{hoogeboom2023simple,
  title={simple diffusion: End-to-end diffusion for high resolution images},
  author={Hoogeboom, Emiel and Heek, Jonathan and Salimans, Tim},
  journal={arXiv preprint arXiv:2301.11093},
  year={2023}
}


% FDM

@article{van2019use,
  title={When to use parametric models in reinforcement learning?},
  author={van Hasselt, Hado P and Hessel, Matteo and Aslanides, John},
  journal={Advances in Neural Information Processing Systems},
  volume={32},
  year={2019}
}

@inproceedings{nichol2021improved,
  title={Improved denoising diffusion probabilistic models},
  author={Nichol, Alexander Quinn and Dhariwal, Prafulla},
  booktitle={International Conference on Machine Learning},
  pages={8162--8171},
  year={2021},
  organization={PMLR}
}

@article{tashiro2021csdi,
  title={CSDI: Conditional Score-based Diffusion Models for Probabilistic Time Series Imputation},
  author={Tashiro, Yusuke and Song, Jiaming and Song, Yang and Ermon, Stefano},
  journal={Advances in Neural Information Processing Systems},
  volume={34},
  year={2021}
}


@article{song2021maximum,
  title={Maximum likelihood training of score-based diffusion models},
  author={Song, Yang and Durkan, Conor and Murray, Iain and Ermon, Stefano},
  journal={Advances in Neural Information Processing Systems},
  volume={34},
  year={2021}
}

@article{unterthiner2018towards,
  title={Towards accurate generative models of video: A new metric \& challenges},
  author={Unterthiner, Thomas and van Steenkiste, Sjoerd and Kurach, Karol and Marinier, Raphael and Michalski, Marcin and Gelly, Sylvain},
  journal={arXiv preprint arXiv:1812.01717},
  year={2018}
}

@article{ho2022video,
  title={Video Diffusion Models},
  author={Ho, Jonathan and Salimans, Tim and Gritsenko, Alexey and Chan, William and Norouzi, Mohammad and Fleet, David J},
  journal={arXiv preprint arXiv:2204.03458},
  year={2022}
}

@article{babaeizadeh2021fitvid,
  title={FitVid: Overfitting in pixel-level video prediction},
  author={Babaeizadeh, Mohammad and Saffar, Mohammad Taghi and Nair, Suraj and Levine, Sergey and Finn, Chelsea and Erhan, Dumitru},
  journal={arXiv preprint arXiv:2106.13195},
  year={2021}
}

@article{babaeizadeh2017stochastic,
  title={Stochastic variational video prediction},
  author={Babaeizadeh, Mohammad and Finn, Chelsea and Erhan, Dumitru and Campbell, Roy H and Levine, Sergey},
  journal={arXiv preprint arXiv:1710.11252},
  year={2017}
}

@article{kim2019variational,
  title={Variational temporal abstraction},
  author={Kim, Taesup and Ahn, Sungjin and Bengio, Yoshua},
  journal={Advances in Neural Information Processing Systems},
  volume={32},
  year={2019}
}

@article{chung2015recurrent,
  title={A recurrent latent variable model for sequential data},
  author={Chung, Junyoung and Kastner, Kyle and Dinh, Laurent and Goel, Kratarth and Courville, Aaron C and Bengio, Yoshua},
  journal={Advances in neural information processing systems},
  volume={28},
  year={2015}
}

@inproceedings{denton2018stochastic,
  title={Stochastic video generation with a learned prior},
  author={Denton, Emily and Fergus, Rob},
  booktitle={International conference on machine learning},
  pages={1174--1183},
  year={2018},
  organization={PMLR}
}

@inproceedings{wu2021rethinking,
  title={Rethinking and improving relative position encoding for vision transformer},
  author={Wu, Kan and Peng, Houwen and Chen, Minghao and Fu, Jianlong and Chao, Hongyang},
  booktitle={Proceedings of the IEEE/CVF International Conference on Computer Vision},
  pages={10033--10041},
  year={2021}
}

@article{shaw2018self,
  title={Self-attention with relative position representations},
  author={Shaw, Peter and Uszkoreit, Jakob and Vaswani, Ashish},
  journal={arXiv preprint arXiv:1803.02155},
  year={2018}
}

@inproceedings{sohl2015deep,
  title={Deep unsupervised learning using nonequilibrium thermodynamics},
  author={Sohl-Dickstein, Jascha and Weiss, Eric and Maheswaranathan, Niru and Ganguli, Surya},
  booktitle={International Conference on Machine Learning},
  pages={2256--2265},
  year={2015},
  organization={PMLR}
}

@article{kadkhodaie2020solving,
  title={Solving linear inverse problems using the prior implicit in a denoiser},
  author={Kadkhodaie, Zahra and Simoncelli, Eero P},
  journal={arXiv preprint arXiv:2007.13640},
  year={2020}
}

@article{mittal2021symbolic,
  title={Symbolic music generation with diffusion models},
  author={Mittal, Gautam and Engel, Jesse and Hawthorne, Curtis and Simon, Ian},
  journal={arXiv preprint arXiv:2103.16091},
  year={2021}
}

@article{saxena2021clockwork,
  title={Clockwork variational autoencoders},
  author={Saxena, Vaibhav and Ba, Jimmy and Hafner, Danijar},
  journal={Advances in Neural Information Processing Systems},
  volume={34},
  year={2021}
}

@article{eslami2018neural,
  title={Neural scene representation and rendering},
  author={Eslami, SM Ali and Jimenez Rezende, Danilo and Besse, Frederic and Viola, Fabio and Morcos, Ari S and Garnelo, Marta and Ruderman, Avraham and Rusu, Andrei A and Danihelka, Ivo and Gregor, Karol and others},
  journal={Science},
  volume={360},
  number={6394},
  pages={1204--1210},
  year={2018},
  publisher={American Association for the Advancement of Science}
}

@article{guss2019minerl,
  title={MineRL: A large-scale dataset of Minecraft demonstrations},
  author={Guss, William H and Houghton, Brandon and Topin, Nicholay and Wang, Phillip and Codel, Cayden and Veloso, Manuela and Salakhutdinov, Ruslan},
  journal={arXiv preprint arXiv:1907.13440},
  year={2019}
}

@inproceedings{kalchbrenner2017video,
  title={Video pixel networks},
  author={Kalchbrenner, Nal and Oord, A{\"a}ron and Simonyan, Karen and Danihelka, Ivo and Vinyals, Oriol and Graves, Alex and Kavukcuoglu, Koray},
  booktitle={International Conference on Machine Learning},
  pages={1771--1779},
  year={2017},
  organization={PMLR}
}

@article{oh2015action,
  title={Action-conditional video prediction using deep networks in atari games},
  author={Oh, Junhyuk and Guo, Xiaoxiao and Lee, Honglak and Lewis, Richard L and Singh, Satinder},
  journal={Advances in neural information processing systems},
  volume={28},
  year={2015}
}

@article{kaiser2019model,
  title={Model-based reinforcement learning for atari},
  author={Kaiser, Lukasz and Babaeizadeh, Mohammad and Milos, Piotr and Osinski, Blazej and Campbell, Roy H and Czechowski, Konrad and Erhan, Dumitru and Finn, Chelsea and Kozakowski, Piotr and Levine, Sergey and others},
  journal={arXiv preprint arXiv:1903.00374},
  year={2019}
}

@article{aldausari2022video,
  title={Video generative adversarial networks: a review},
  author={Aldausari, Nuha and Sowmya, Arcot and Marcus, Nadine and Mohammadi, Gelareh},
  journal={ACM Computing Surveys (CSUR)},
  volume={55},
  number={2},
  pages={1--25},
  year={2022},
  publisher={ACM New York, NY}
}

@article{clark2019adversarial,
  title={Adversarial video generation on complex datasets},
  author={Clark, Aidan and Donahue, Jeff and Simonyan, Karen},
  journal={arXiv preprint arXiv:1907.06571},
  year={2019}
}

@article{soomro2012ucf101,
  title={UCF101: A dataset of 101 human actions classes from videos in the wild},
  author={Soomro, Khurram and Zamir, Amir Roshan and Shah, Mubarak},
  journal={arXiv preprint arXiv:1212.0402},
  year={2012}
}

@inproceedings{villegas2018hierarchical,
  title={Hierarchical long-term video prediction without supervision},
  author={Villegas, Ruben and Erhan, Dumitru and Lee, Honglak and others},
  booktitle={International Conference on Machine Learning},
  pages={6038--6046},
  year={2018},
  organization={PMLR}
}

@inproceedings{van2016pixel,
  title={Pixel recurrent neural networks},
  author={Van Den Oord, A{\"a}ron and Kalchbrenner, Nal and Kavukcuoglu, Koray},
  booktitle={International conference on machine learning},
  pages={1747--1756},
  year={2016},
  organization={PMLR}
}

@article{song2023consistency,
  title={Consistency models},
  author={Song, Yang and Dhariwal, Prafulla and Chen, Mark and Sutskever, Ilya},
  journal={arXiv preprint arXiv:2303.01469},
  year={2023}
}


@article{yang2022diffusion,
  title={Diffusion Probabilistic Modeling for Video Generation},
  author={Yang, Ruihan and Srivastava, Prakhar and Mandt, Stephan},
  journal={arXiv preprint arXiv:2203.09481},
  year={2022}
}

@article{song2020denoising,
  title={Denoising diffusion implicit models},
  author={Song, Jiaming and Meng, Chenlin and Ermon, Stefano},
  journal={arXiv preprint arXiv:2010.02502},
  year={2020}
}

@article{salimans2022progressive,
  title={Progressive distillation for fast sampling of diffusion models},
  author={Salimans, Tim and Ho, Jonathan},
  journal={arXiv preprint arXiv:2202.00512},
  year={2022}
}


@article{he2015deep,
  title={Deep residual learning for image recognition. arXiv 2015},
  author={He, Kaiming and Zhang, Xiangyu and Ren, Shaoqing and Sun, Jian},
  journal={arXiv preprint arXiv:1512.03385},
  year={2015}
}

@article{weissenborn2019scaling,
  title={Scaling autoregressive video models},
  author={Weissenborn, Dirk and T{\"a}ckstr{\"o}m, Oscar and Uszkoreit, Jakob},
  journal={arXiv preprint arXiv:1906.02634},
  year={2019}
}

@article{luo2021multiple,
  title={Multiple object tracking: A literature review},
  author={Luo, Wenhan and Xing, Junliang and Milan, Anton and Zhang, Xiaoqin and Liu, Wei and Kim, Tae-Kyun},
  journal={Artificial intelligence},
  volume={293},
  pages={103448},
  year={2021},
  publisher={Elsevier}
}

@article{niedoba2024diffusion,
  title={A Diffusion-Model of Joint Interactive Navigation},
  author={Niedoba, Matthew and Lavington, Jonathan and Liu, Yunpeng and Lioutas, Vasileios and Sefas, Justice and Liang, Xiaoxuan and Green, Dylan and Dabiri, Setareh and Zwartsenberg, Berend and Scibior, Adam and others},
  journal={Advances in Neural Information Processing Systems},
  volume={36},
  year={2024}
}

@inproceedings{dosovitskiy2017carla,
  title={CARLA: An open urban driving simulator},
  author={Dosovitskiy, Alexey and Ros, German and Codevilla, Felipe and Lopez, Antonio and Koltun, Vladlen},
  booktitle={Conference on robot learning},
  pages={1--16},
  year={2017},
  organization={PMLR}
}

@inproceedings{wichers2018learning,
	author        = "Nevan Wichers and Ruben Villegas and Dumitru Erhan and Honglak Lee",
	booktitle     = "{Proceedings of the 35th International Conference on Machine Learning}",
	ee            = "http://proceedings.mlr.press/v80/wichers18a.html",
	pages         = "6033--6041",
	publisher     = "{PMLR}",
	title         = "{Hierarchical Long-term Video Prediction without Supervision}",
	year          = 2018,
}

@article{gruslys2016memory,
  title={Memory-efficient backpropagation through time},
  author={Gruslys, Audrunas and Munos, R{\'e}mi and Danihelka, Ivo and Lanctot, Marc and Graves, Alex},
  journal={Advances in Neural Information Processing Systems},
  volume={29},
  year={2016}
}

@article{tallec2017unbiasing,
  title={Unbiasing truncated backpropagation through time},
  author={Tallec, Corentin and Ollivier, Yann},
  journal={arXiv preprint arXiv:1705.08209},
  year={2017}
}

@inproceedings{mildenhall2020nerf,
  title={Nerf: Representing scenes as neural radiance fields for view synthesis},
  author={Mildenhall, Ben and Srinivasan, Pratul P and Tancik, Matthew and Barron, Jonathan T and Ramamoorthi, Ravi and Ng, Ren},
  booktitle={European conference on computer vision},
  pages={405--421},
  year={2020},
  organization={Springer}
}

@inproceedings{takikawa2021neural,
  title={Neural geometric level of detail: Real-time rendering with implicit 3D shapes},
  author={Takikawa, Towaki and Litalien, Joey and Yin, Kangxue and Kreis, Karsten and Loop, Charles and Nowrouzezahrai, Derek and Jacobson, Alec and McGuire, Morgan and Fidler, Sanja},
  booktitle={Proceedings of the IEEE/CVF Conference on Computer Vision and Pattern Recognition},
  pages={11358--11367},
  year={2021}
}


@inproceedings{igl2018deep,
  title={Deep variational reinforcement learning for POMDPs},
  author={Igl, Maximilian and Zintgraf, Luisa and Le, Tuan Anh and Wood, Frank and Whiteson, Shimon},
  booktitle={International Conference on Machine Learning},
  pages={2117--2126},
  year={2018},
  organization={PMLR}
}

@inproceedings{
xiao2022tackling,
title={Tackling the Generative Learning Trilemma with Denoising Diffusion {GAN}s},
author={Zhisheng Xiao and Karsten Kreis and Arash Vahdat},
booktitle={International Conference on Learning Representations},
year={2022},
url={https://openreview.net/forum?id=JprM0p-q0Co}
}


@inproceedings{paszke2017automatic,
  title={Automatic differentiation in PyTorch},
  author={Paszke, Adam and Gross, Sam and Chintala, Soumith and Chanan, Gregory and Yang, Edward and DeVito, Zachary and Lin, Zeming and Desmaison, Alban and Antiga, Luca and Lerer, Adam},
  booktitle={NIPS-W},
  year={2017}
}

@article{ge2022long,
  title={Long video generation with time-agnostic vqgan and time-sensitive transformer},
  author={Ge, Songwei and Hayes, Thomas and Yang, Harry and Yin, Xi and Pang, Guan and Jacobs, David and Huang, Jia-Bin and Parikh, Devi},
  journal={arXiv preprint arXiv:2204.03638},
  year={2022}
}


@article{campbell2022continuous,
  title={A Continuous Time Framework for Discrete Denoising Models},
  author={Campbell, Andrew and Benton, Joe and De Bortoli, Valentin and Rainforth, Tom and Deligiannidis, George and Doucet, Arnaud},
 journal={Advances in Neural Information Processing Systems},
  year={2022}
}

@article{benton2022denoising,
  title={From Denoising Diffusions to Denoising {M}arkov Models},
  author={Benton, Joe and Shi, Yuyang and De Bortoli, Valentin and Deligiannidis, George and Doucet, Arnaud},
  journal={arXiv preprint arXiv:2211.03595},
  year={2022}
}

@article{green1995reversible,
  title={{Reversible jump Markov chain Monte Carlo computation and Bayesian model determination}},
  author={Green, Peter J},
  journal={Biometrika},
  year={1995},
}

@article{green2003trans,
  title={{Trans-dimensional Markov chain Monte Carlo}},
  author={Green, Peter J},
  journal={Highly Structured Stochastic Systems},
  year={2003},
}

@incollection{grandstrand:2004,
  author      = "Ove Grandstrand",
  title       = "Innovation and Intellectual Property Rights",
  editor      = "Jan Fagerberg and David C. Mowery and Richard R. Nelson",
  booktitle   = "The Oxford Handbook of Innovation",
  publisher   = "Oxford University Press",
  address     = "Oxford",
  year        = 2004,
  pages       = "266-290",
  chapter     = 10,
}

@article{cappe2003reversible,
  title={Reversible jump, birth-and-death and more general continuous time Markov chain Monte Carlo samplers},
  author={Capp{\'e}, Olivier and Robert, Christian P and Ryd{\'e}n, Tobias},
  journal={Journal of the Royal Statistical Society: Series B (Methodological)},
  year={2003},
}

@article{hornik1989multilayer,
  title={Multilayer feedforward networks are universal approximators},
  author={Hornik, Kurt and Stinchcombe, Maxwell and White, Halbert},
  journal={Neural networks},
  volume={2},
  number={5},
  pages={359--366},
  year={1989},
  publisher={Elsevier}
}


@article{miller1997automatic,
  title={Automatic target recognition organized via jump-diffusion algorithms},
  author={Miller, Michael I and Grenander, Ulf and O'Sullivan, Joseph A and Snyder, Donald L},
  journal={IEEE Transactions on Image Processing},
  year={1997},
}

@article{lanterman1997general,
  title={{General Metropolis--Hastings jump diffusions for automatic target recognition in infrared scenes}},
  author={Lanterman, Aaron D and Miller, Michael I and Snyder, Donald L},
  journal={Optical Engineering},
  year={1997},
}

@article{huang2021variational,
  title={A variational perspective on diffusion-based generative models and score matching},
  author={Huang, Chin-Wei and Lim, Jae Hyun and Courville, Aaron C},
  journal={Advances in Neural Information Processing Systems},
  year={2021}
}

@article{conforti2022time,
  title={Time reversal of {M}arkov processes with jumps under a finite entropy condition},
  author={Conforti, Giovanni and L{\'e}onard, Christian},
  journal={Stochastic Processes and their Applications},
  year={2022},
}

@article{ruddigkeit2012enumeration,
  title={Enumeration of 166 billion organic small molecules in the chemical universe database GDB-17},
  author={Ruddigkeit, Lars and Van Deursen, Ruud and Blum, Lorenz C and Reymond, Jean-Louis},
  journal={Journal of chemical information and modeling},
  year={2012},
}

@article{ramakrishnan2014quantum,
  title={Quantum chemistry structures and properties of 134 kilo molecules},
  author={Ramakrishnan, Raghunathan and Dral, Pavlo O and Rupp, Matthias and Von Lilienfeld, O Anatole},
  journal={Scientific Data},
  year={2014},
}

@article{hoogeboom2022equivariant,
  title={Equivariant diffusion for molecule generation in 3d},
  author={Hoogeboom, Emiel and Satorras, V{\i}ctor Garcia and Vignac, Cl{\'e}ment and Welling, Max},
  journal={International Conference on Machine Learning},
  year={2022},
}


@article{clip_guided_diffusion,
title={Clip Guided Diffusion},
author={Katherine Crowson},
journal={Web Demo, https://huggingface.co/spaces/EleutherAI/clip-guided-diffusion},
year={2021}
}

@article{weiss2023guided,
  title={Guided Diffusion for Inverse Molecular Design},
  author={Weiss, Tomer and Cosmo, Luca and Yanes, Eduardo Mayo and Chakraborty, Sabyasachi and Bronstein, Alex M and Gershoni-Poranne, Renana},
  journal={ChemrXiv},
  year={2023}
}


@article{grenander1994representations,
  title={Representations of knowledge in complex systems},
  author={Grenander, Ulf and Miller, Michael I},
  journal={Journal of the Royal Statistical Society: Series B (Methodological)},
  year={1994},
}

@article{jing2022subspace,
  title={Subspace diffusion generative models},
  author={Jing, Bowen and Corso, Gabriele and Berlinghieri, Renato and Jaakkola, Tommi},
  journal={European Conference on Computer Vision},
  year={2022},
}

@article{ryu2022pyramidal,
  title={Pyramidal denoising diffusion probabilistic models},
  author={Ryu, Dohoon and Ye, Jong Chul},
  journal={arXiv preprint arXiv:2208.01864},
  year={2022}
}

@article{yoon2022score,
  title={Score-Based Generative Models with {L}{\'e}vy Processes},
  author={Yoon, Eunbi and Park, Keehun and Kim, Jinhyeok and Lim, Sungbin},
  journal={NeurIPS 2022 Workshop on Score-Based Methods}
}

@article{zhang2023diffcollage,
  title={DiffCollage: Parallel Generation of Large Content with Diffusion Models},
  author={Zhang, Qinsheng and Song, Jiaming and Huang, Xun and Chen, Yongxin and Liu, Ming-Yu},
  journal={arXiv preprint arXiv:2303.17076},
  year={2023}
}

@article{zhang2022dimensionality,
  title={Dimensionality-Varying Diffusion Process},
  author={Zhang, Han and Feng, Ruili and Yang, Zhantao and Huang, Lianghua and Liu, Yu and Zhang, Yifei and Shen, Yujun and Zhao, Deli and Zhou, Jingren and Cheng, Fan},
  journal={arXiv preprint arXiv:2211.16032},
  year={2022}
}

@article{sun2022score,
  title={Score-based Continuous-time Discrete Diffusion Models},
  author={Sun, Haoran and Yu, Lijun and Dai, Bo and Schuurmans, Dale and Dai, Hanjun},
  journal={International Conference on Learning Representations},
  year={2023}
}


@article{satorras2021n,
  title={E (n) equivariant graph neural networks},
  author={Satorras, V{\i}ctor Garcia and Hoogeboom, Emiel and Welling, Max},
  journal={International Conference on Machine Learning},
  year={2021},
}

@article{watson2022broadly,
  title={Broadly applicable and accurate protein design by integrating structure prediction networks and diffusion generative models},
  author={Watson, Joseph L and Juergens, David and Bennett, Nathaniel R and Trippe, Brian L and Yim, Jason and Eisenach, Helen E and Ahern, Woody and Borst, Andrew J and Ragotte, Robert J and Milles, Lukas F and others},
  journal={bioRxiv},
  year={2022},
}

@article{saharia2022photorealistic,
  title={Photorealistic text-to-image diffusion models with deep language understanding},
  author={Saharia, Chitwan and Chan, William and Saxena, Saurabh and Li, Lala and Whang, Jay and Denton, Emily L and Ghasemipour, Kamyar and Gontijo Lopes, Raphael and Karagol Ayan, Burcu and Salimans, Tim and Ho, Jonathan and Fleet, David J aand Norouzi, Mohammad},
  journal={Advances in Neural Information Processing Systems},
  year={2022}
}


@article{kong2020diffwave,
  title={Diffwave: A versatile diffusion model for audio synthesis},
  author={Kong, Zhifeng and Ping, Wei and Huang, Jiaji and Zhao, Kexin and Catanzaro, Bryan},
  journal={International Conference on Learning Representations},
  year={2021}
}


@article{zhang2023towards,
  title={Towards Controllable Diffusion Models via Reward-Guided Exploration},
  author={Zhang, Hengtong and Xu, Tingyang},
  journal={arXiv preprint arXiv:2304.07132},
  year={2023}
}


@book{kelley2017general,
  title={General Topology},
  author={Kelley, John L},
  year={2017},
  publisher={Courier Dover Publications}
}

@article{ethier2009markov,
  title={Markov Processes: Characterization and Convergence},
  author={Ethier, Stewart N and Kurtz, Thomas G},
  year={2009},
  journal={John Wiley \& Sons}
}

@article{haussmann1986time,
  title={Time reversal of diffusions},
  author={Haussmann, Ulrich G and Pardoux, Etienne},
  journal={The Annals of Probability},
  year={1986},
}

@article{dupont2022data,
  title={From data to functa: Your data point is a function and you should treat it like one},
  author={Dupont, Emilien and Kim, Hyunjik and Eslami, SM and Rezende, Danilo and Rosenbaum, Dan},
  journal={International Conference on Machine Learning},
  year={2022}
}

@article{dutordoir2022neural,
  title={Neural diffusion processes},
  author={Dutordoir, Vincent and Saul, Alan and Ghahramani, Zoubin and Simpson, Fergus},
  journal={arXiv preprint arXiv:2206.03992},
  year={2022}
}

@article{bilovs2022modeling,
  title={Modeling Temporal Data as Continuous Functions with Process Diffusion},
  author={Bilo{\v{s}}, Marin and Rasul, Kashif and Schneider, Anderson and Nevmyvaka, Yuriy and G{\"u}nnemann, Stephan},
  journal={NeurIPS 2022 Workshop on Score-Based Methods},
  year={2022}
}

@article{kerrigan2022diffusion,
  title={Diffusion Generative Models in Infinite Dimensions},
  author={Kerrigan, Gavin and Ley, Justin and Smyth, Padhraic},
  journal={International Conference on Artificial Intelligence and Statistics},
  year={2023}
}

@article{lim2023score,
  title={Score-based diffusion models in function space},
  author={Lim, Jae Hyun and Kovachki, Nikola B and Baptista, Ricardo and Beckham, Christopher and Azizzadenesheli, Kamyar and Kossaifi, Jean and Voleti, Vikram and Song, Jiaming and Kreis, Karsten and Kautz, Jan and others},
  journal={arXiv preprint arXiv:2302.07400},
  year={2023}
}

@article{hagemann2023multilevel,
  title={Multilevel Diffusion: Infinite Dimensional Score-Based Diffusion Models for Image Generation},
  author={Hagemann, Paul and Ruthotto, Lars and Steidl, Gabriele and Yang, Nicole Tianjiao},
  journal={arXiv preprint arXiv:2303.04772},
  year={2023}
}

@article{franzese2023continuous,
  title={Continuous-Time Functional Diffusion Processes},
  author={Franzese, Giulio and Rossi, Simone and Rossi, Dario and Heinonen, Markus and Filippone, Maurizio and Michiardi, Pietro},
  journal={arXiv preprint arXiv:2303.00800},
  year={2023}
}

@article{bond2023infty,
  title={$\infty $-Diff: Infinite Resolution Diffusion with Subsampled Mollified States},
  author={Bond-Taylor, Sam and Willcocks, Chris G},
  journal={arXiv preprint arXiv:2303.18242},
  year={2023}
}

@article{chen2020learning,
  title={Learning neural event functions for ordinary differential equations},
  author={Chen, Ricky TQ and Amos, Brandon and Nickel, Maximilian},
  journal={International Conference on Learning Representations},
  year={2021}
}

@article{shchur2021neural,
  title={Neural temporal point processes: A review},
  author={Shchur, Oleksandr and T{\"u}rkmen, Ali Caner and Januschowski, Tim and G{\"u}nnemann, Stephan},
  journal={arXiv preprint arXiv:2104.03528},
  year={2021}
}

@article{eom2022variational,
  title={Variational Neural Temporal Point Process},
  author={Eom, Deokjun and Lee, Sehyun and Choi, Jaesik},
  journal={arXiv preprint arXiv:2202.10585},
  year={2022}
}

@article{gu2022f,
  title={f-DM: A Multi-stage Diffusion Model via Progressive Signal Transformation},
  author={Gu, Jiatao and Zhai, Shuangfei and Zhang, Yizhe and Bautista, Miguel Angel and Susskind, Josh},
  journal={arXiv preprint arXiv:2210.04955},
  year={2022}
}


@article{igashov2022equivariant,
  title={Equivariant 3d-conditional diffusion models for molecular linker design},
  author={Igashov, Ilia and St{\"a}rk, Hannes and Vignac, Cl{\'e}ment and Satorras, Victor Garcia and Frossard, Pascal and Welling, Max and Bronstein, Michael and Correia, Bruno},
  journal={arXiv preprint arXiv:2210.05274},
  year={2022}
}

@article{chen2022diffusiondet,
  title={Diffusiondet: Diffusion model for object detection},
  author={Chen, Shoufa and Sun, Peize and Song, Yibing and Luo, Ping},
  journal={arXiv preprint arXiv:2211.09788},
  year={2022}
}

@misc{rdkit,
  title={RDKit: Open-source cheminformatics},
  author={Landrum, Greg and others},
  year={2006}
}

@article{mitchell2019model,
  title={Model cards for model reporting},
  author={Mitchell, Margaret and Wu, Simone and Zaldivar, Andrew and Barnes, Parker and Vasserman, Lucy and Hutchinson, Ben and Spitzer, Elena and Raji, Inioluwa Deborah and Gebru, Timnit},
  journal={Proceedings of the Conference on Fairness, Accountability, and Transparency},
  year={2019}
}

@article{phillips1995bayesian,
  title={Bayesian model comparison via jump diffusions},
  author={Phillips, David B and Smith, Adrian F M},
  journal={Markov Chain Monte Carlo in Practice},
  year={1995},
}

@article{modernphysicalorganicchemistry,
  title={Modern Physical Organic Chemistry},
  author={Anslyn, Eric V and Dougherty, Dennis A},
  journal={University Science Books},
  year={2005},
}

@article{bernoulli1738,
title={Theoremata de oscillationibus corporum filo flexili connexorum et catenae ver-
ticaliter suspensae},
author={Bernoulli, D},
journal={Comm. Acad. Sci. Petrop},
year={1738}
}

@article{chen2008chaos,
  title={Chaos from simplicity: an introduction to the double pendulum},
  author={Chen, Joe},
  year={2008},
  url={https://ir.canterbury.ac.nz/bitstream/handle/10092/12659/chen_2008_report.pdf},
  publisher={University of Canterbury}
}

@article{cheridito2005equivalent,
  title={Equivalent and absolutely continuous measure changes for jump-diffusion processes},
  author={Cheridito, Patrick and Filipovi{\'c}, Damir and Yor, Marc},
  journal={Annals of applied probability},
  year={2005},
}


@article{austin2021structured,
  title={Structured denoising diffusion models in discrete state-spaces},
  author={Austin, Jacob and Johnson, Daniel D and Ho, Jonathan and Tarlow, Daniel and van den Berg, Rianne},
  journal={Advances in Neural Information Processing Systems},
  year={2021}
}

@article{tian2023control,
  title={A Control-Centric Benchmark for Video Prediction},
  author={Tian, Stephen and Finn, Chelsea and Wu, Jiajun},
  journal={arXiv preprint arXiv:2304.13723},
  year={2023}
}


@article{kannan2021robodesk,
  author = {Harini Kannan and Danijar Hafner and Chelsea Finn and Dumitru Erhan},
  title = {RoboDesk: A Multi-Task Reinforcement Learning Benchmark},
  year = {2021},
  journal = {\url{https://github.com/google-research/robodesk}},
}

@article{janner2022diffuser,
  title = {Planning with Diffusion for Flexible Behavior Synthesis},
  author = {Michael Janner and Yilun Du and Joshua Tenenbaum and Sergey Levine},
  journal = {International Conference on Machine Learning},
  year = {2022},
}

@article{vignac2021top,
  title={Top-n: Equivariant set and graph generation without exchangeability},
  author={Vignac, Clement and Frossard, Pascal},
  journal={International Conference on Learning Representations},
  year={2022}
}

@inproceedings{radford2023robust,
  title={Robust speech recognition via large-scale weak supervision},
  author={Radford, Alec and Kim, Jong Wook and Xu, Tao and Brockman, Greg and McLeavey, Christine and Sutskever, Ilya},
  booktitle={International Conference on Machine Learning},
  pages={28492--28518},
  year={2023},
  organization={PMLR}
}

@article{tan2024naturalspeech,
  title={Naturalspeech: End-to-end text-to-speech synthesis with human-level quality},
  author={Tan, Xu and Chen, Jiawei and Liu, Haohe and Cong, Jian and Zhang, Chen and Liu, Yanqing and Wang, Xi and Leng, Yichong and Yi, Yuanhao and He, Lei and others},
  journal={IEEE Transactions on Pattern Analysis and Machine Intelligence},
  year={2024},
  publisher={IEEE}
}

@inproceedings{munk2022probabilistic,
  title={Probabilistic surrogate networks for simulators with unbounded randomness},
  author={Munk, Andreas and Zwartsenberg, Berend and {\'S}cibior, Adam and Baydin, At{\i}l{\i}m G{\"u}ne{\c{s}} G and Stewart, Andrew and Fernlund, Goran and Poursartip, Anoush and Wood, Frank},
  booktitle={Uncertainty in Artificial Intelligence},
  pages={1423--1433},
  year={2022},
  organization={PMLR}
}

@article{fuller2020digital,
  title={Digital twin: Enabling technologies, challenges and open research},
  author={Fuller, Aidan and Fan, Zhong and Day, Charles and Barlow, Chris},
  journal={IEEE access},
  volume={8},
  pages={108952--108971},
  year={2020},
  publisher={IEEE}
}

@article{knight2023openai,
  author    = {Will Knight},
  title     = {{OpenAI's CEO Says the Age of Giant AI Models Is Already Over}},
  journal   = {Wired},
  year      = {2023},
  note      = {Retrieved April 18, 2023},
  url       = {https://web.archive.org/web/20230418190335/https://www.wired.com/story/openai-ceo-sam-altman-the-age-of-giant-ai-models-is-already-over/}
}

@techreport{stanford2024artificial,
  author      = {{Stanford University Human-Centered Artificial Intelligence}},
  title       = {Artificial Intelligence Index Report 2024},
  institution = {Stanford University},
  year        = {2024},
  url         = {https://aiindex.stanford.edu/wp-content/uploads/2024/04/HAI_2024_AI-Index-Report.pdf}
}

@article{esser2024scaling,
  title={Scaling rectified flow transformers for high-resolution image synthesis},
  author={Esser, Patrick and Kulal, Sumith and Blattmann, Andreas and Entezari, Rahim and M{\"u}ller, Jonas and Saini, Harry and Levi, Yam and Lorenz, Dominik and Sauer, Axel and Boesel, Frederic and others},
  journal={arXiv preprint arXiv:2403.03206},
  year={2024}
}

@techreport{brooks2024video,
  author    = {Tim Brooks and Bill Peebles and Connor Holmes and Will DePue and Yufei Guo and Li Jing and David Schnurr and Joe Taylor and Troy Luhman and Eric Luhman and Clarence Ng and Ricky Wang and Aditya Ramesh},
  title     = {Video Generation Models as World Simulators},
  year      = {2024},
  institution = {OpenAI},
  url       = {https://openai.com/index/video-generation-models-as-world-simulators}
}

@inproceedings{chang2022maskgit,
  title={Maskgit: Masked generative image transformer},
  author={Chang, Huiwen and Zhang, Han and Jiang, Lu and Liu, Ce and Freeman, William T},
  booktitle={Proceedings of the IEEE/CVF Conference on Computer Vision and Pattern Recognition},
  pages={11315--11325},
  year={2022}
}
